time;V avg [V];Van [V];Vbn [V];Vcn [V];I avg [A];Ia [A];Ib [A] ;Ic [A];U avg [V];Uab [V];Ubc [V];Uca [V];PF;PFa;PFb;PFc;LC;LCa;LCb;LCc;P [W];Pa [W];Pb [W];Pc [W];Q [VAr];Qa [VAr];Qb [VAr];Qc [VAr];S [VA];Sa [VA];Sb [VA];Sc [VA];F [Hz];In [A];p @ F;Van min [V];Vbn min [V];Vcn min [V];Uab min [V];Ubc min [V];Uca min [V];Van avg [V];Vbn avg [V];Vcn avg [V];Uab avg [V];Ubc avg [V];Uca avg [V];Van max [V];Vbn max [V];Vcn max [V];Uab max [V];Ubc max [V];Uca max [V];Ia min [A];Ib min [A];Ic min [A];Ia avg [A];Ib avg [A];Ic avg [A];Ia max [A];Ib max [A];Ic max [A];PFa min;PFb min;PFc min;LCa min;LCb min;LCc min;PFa avg;PFb avg;PFc avg;LCa avg;LCb avg;LCc avg;PFa max;PFb max;PFc max;LCa max;LCb max;LCc max;p @ V min;ts @ V min;p @ V max;ts @ V max;pg @ U min;ts @ U min;pg @ U max;ts @ U max;q @ I min;ts @ I min;q @ I max;ts @ I max;p @ PF min;ts @ PF min;p @ PF max;ts @ PF max;F min [Hz];F max [Hz];F avg [Hz];ts @ F min;ts @ F max;Status;Va evt ;Vb evt ;Vc evt ;Ph [kWh];Ph sum [kWh];Ph fwd [kWh];Ph rev [kWh];Qh [kVArh];Qh sum [kVArh];Qh fwd [kVArh];Qh rev [kVArh];Qh rev {i} [kVArh];Qh rev {c} [kVArh];Qh fwd {i} [kVArh];Qh fwd {c} [kVArh];Sh [kVAh];Sd pred [VA];Sd [VA];Sd peak [VA];Pd pred [W];Pd [W];Pd peak [W];Qd pred [VAr];Qd [VAr];Qd peak [VAr];Qd pred {i} [VAr];Qd {i} [VAr];Qd peak {i} [VAr];Qd pred {c} [VAr];Qd {c} [VAr];Qd peak {c} [VAr]
15/03/2019 09:50;211,36;210,45;212,37;211,26;32,9;24,06;21,82;52,81;366,09;365,7;368,33;364,23;0,93;0,95;0,92;0,93;IND;IND;IND;IND;19477,32;4814,44;4265,71;10397,17;7450,76;1565,38;1810,76;4047,22;20853,77;5062,53;4634,13;11157,11;59,99;37,37;A;209,93;211,93;210,96;364,82;367,62;363,61;210,34;212,31;211,36;365,5;368,31;364,32;210,64;212,68;211,69;366,08;368,94;364,84;24,02;20,39;44,73;24,18;21,09;46,04;24,29;30;54,58;0,95;0,92;0,93;IND;IND;IND;0,95;0,92;0,93;IND;IND;IND;0,95;0,93;0,94;IND;IND;IND;A;15/03/2019 09:49;B;15/03/2019 09:49;C;15/03/2019 09:49;B;15/03/2019 09:49;B;15/03/2019 09:49;C;15/03/2019 09:49;B;15/03/2019 09:49;A;-;59,95;60,01;59,98;15/03/2019 09:49;15/03/2019 09:49;Válido;None;None;None;0,3;0,3;0,3;0;0,11;0,11;0,11;0;0;0;0,11;0;0,32;6428,06;6131,43;467846,6;6020,06;5777,37;455419,1;2245,49;2052,78;106331,1;2245,49;2052,78;106331,1;0;0;0
15/03/2019 09:51;211,41;210,35;212,4;211,47;29,23;24,1;21,72;41,87;366,17;365,63;368,45;364,42;0,93;0,95;0,92;0,93;IND;IND;IND;IND;17330,53;4820,09;4235,88;8274,56;6576,87;1567,85;1826,13;3153,48;18536,52;5068,67;4612,75;8855,1;60,01;27,07;A;209,73;211,65;210,85;364,39;367,2;363,45;210,31;212,23;211,31;365,42;368,15;364,29;210,76;212,67;211,69;366,2;368,88;364,93;23,99;21,02;41,16;24,87;21,83;45,45;27,2;30,51;56,95;0,95;0,92;0,92;IND;IND;IND;0,95;0,92;0,93;IND;IND;IND;0,96;0,93;0,94;IND;IND;IND;A;15/03/2019 09:50;B;15/03/2019 09:50;C;15/03/2019 09:50;B;15/03/2019 09:50;B;15/03/2019 09:50;C;15/03/2019 09:50;B;15/03/2019 09:50;A;-;59,97;60,01;59,99;15/03/2019 09:50;15/03/2019 09:50;Válido;None;None;None;0,3;0,3;0,3;0;0,12;0,12;0,12;0;0;0;0,12;0;0,32;7725,84;6131,43;467846,6;7232,95;5777,37;455419,1;2707,11;2052,78;106331,1;2707,11;2052,78;106331,1;0;0;0
15/03/2019 09:52;211,34;210,28;212,35;211,38;30,99;28,4;21,8;42,78;366,04;365,46;368,3;364,36;0,94;0,97;0,92;0,93;IND;IND;IND;IND;18450,86;5770,95;4251,05;8428,86;6740,36;1532,74;1832,64;3276,27;19643,48;5971,03;4629,25;9043,21;59,98;28,17;A;209,96;212,04;211,05;364,94;367,77;363,77;210,33;212,34;211,39;365,5;368,32;364,39;210,71;212,79;211,74;366,16;369,05;365,03;23,36;21,12;41,55;26,16;21,69;44,09;29,86;26,44;51,75;0,95;0,92;0,92;IND;IND;IND;0,96;0,92;0,93;IND;IND;IND;0,97;0,93;0,94;IND;IND;IND;A;15/03/2019 09:51;B;15/03/2019 09:51;C;15/03/2019 09:51;B;15/03/2019 09:51;B;15/03/2019 09:51;C;15/03/2019 09:51;B;15/03/2019 09:51;A;-;59,97;60,01;59,99;15/03/2019 09:51;15/03/2019 09:51;Válido;None;None;None;0,3;0,3;0,3;0;0,11;0,11;0,11;0;0;0;0,11;0;0,32;9021,03;6131,43;467846,6;8445,37;5777,37;455419,1;3162,61;2052,78;106331,1;3162,61;2052,78;106331,1;0;0;0
15/03/2019 09:53;211,97;210,88;213;212,04;30,19;24,16;22,65;43,74;367,14;366,59;369,5;365,33;0,94;0,95;0,93;0,93;IND;IND;IND;IND;17989,77;4847,62;4503,14;8639,01;6694,05;1569,57;1733,23;3373,39;19194,84;5095,39;4825,18;9274,28;60,05;27,55;A;210,16;212,06;211,23;365,26;367,84;364,12;210,54;212,55;211,63;365,92;368,71;364,73;211,09;213,11;212,18;366,88;369,69;365,64;22,93;20,91;42;24,63;22,58;43,66;31,75;23,24;52,69;0,95;0,92;0,93;IND;IND;IND;0,95;0,93;0,93;IND;IND;IND;0,97;0,94;0,94;IND;IND;IND;A;15/03/2019 09:52;B;15/03/2019 09:52;C;15/03/2019 09:52;B;15/03/2019 09:52;B;15/03/2019 09:52;C;15/03/2019 09:52;B;15/03/2019 09:52;A;-;59,98;60,06;60,01;15/03/2019 09:52;15/03/2019 09:52;Válido;None;None;None;0,3;0,3;0,3;0;0,11;0,11;0,11;0;0;0;0,11;0;0,32;10302,6;6131,43;467846,6;9647,98;5777,37;455419,1;3605,45;2052,78;106331,1;3605,45;2052,78;106331,1;0;0;0
15/03/2019 09:54;212,82;211,83;213,87;212,74;31,72;24,98;23,43;46,75;368,6;368,27;370,82;366,72;0,94;0,95;0,93;0,93;IND;IND;IND;IND;18962,63;5026,82;4653,51;9282,3;7096,29;1651;1857,88;3570,32;20246,94;5291;5010,68;9945,27;60,07;29,39;A;210,35;212,47;211,56;365,71;368,64;364,43;211,29;213,38;212,38;367,31;370,08;366;212,18;214,18;213,11;368,78;371,41;367,4;24,13;22,3;42,64;25,3;22,61;44,07;33,81;31,51;52,95;0,95;0,92;0,92;IND;IND;IND;0,95;0,93;0,93;IND;IND;IND;0,96;0,94;0,94;IND;IND;IND;A;15/03/2019 09:53;B;15/03/2019 09:53;C;15/03/2019 09:53;B;15/03/2019 09:53;B;15/03/2019 09:53;C;15/03/2019 09:53;C;15/03/2019 09:53;A;-;59,99;60,07;60,02;15/03/2019 09:53;15/03/2019 09:54;Válido;None;None;None;0,3;0,3;0,3;0;0,11;0,11;0,11;0;0;0;0,11;0;0,33;11604,56;6131,43;467846,6;10867,58;5777,37;455419,1;4061,15;2052,78;106331,1;4061,15;2052,78;106331,1;0;0;0
15/03/2019 09:55;212,78;211,83;213,8;212,72;31,52;24,6;23,92;46,03;368,55;368,18;370,74;366,72;0,93;0,96;0,9;0,93;IND;IND;IND;IND;18707,28;4992,37;4613,02;9101,89;7400,43;1496,35;2209,43;3608,87;20117,87;5211,8;5114,84;9791,24;60;30,96;A;211,39;213,43;212,18;367,44;370,17;365,88;211,79;213,81;212,75;368,13;370,8;366,7;212,33;214,24;213,19;368,99;371,51;367,59;23,83;23,23;45,76;24,66;23,7;46,83;25,11;30,27;56,69;0,95;0,9;0,93;IND;IND;IND;0,95;0,93;0,93;IND;IND;IND;0,96;0,94;0,93;IND;IND;IND;A;15/03/2019 09:54;B;15/03/2019 09:54;C;15/03/2019 09:54;B;15/03/2019 09:54;B;15/03/2019 09:54;C;15/03/2019 09:54;B;15/03/2019 09:54;A;-;59,99;60,07;60,02;15/03/2019 09:54;15/03/2019 09:54;Válido;None;None;None;0,32;0,32;0,32;0;0,12;0,12;0,12;0;0;0;0,12;0;0,34;12954,85;6131,43;467846,6;12131,35;5777,37;455419,1;4536,69;2052,78;106331,1;4536,69;2052,78;106331,1;0;0;0
15/03/2019 09:56;212,84;211,94;213,85;212,72;32,69;22,87;23,62;51,56;368,64;368,33;370,89;366,7;0,94;0,96;0,9;0,95;IND;IND;IND;IND;19625,02;4672,45;4561,95;10390,61;7092,32;1291,91;2171,15;3509,32;20867,26;4847,77;5052,26;10967,23;60,04;37,27;A;211,69;213,63;212,49;367,89;370,5;366,26;212,06;214;212,87;368,55;371,13;366,97;212,45;214,39;213,3;369,25;371,75;367,74;22,72;23,06;45,87;23,43;23,69;50,9;24,72;30,38;54,64;0,96;0,9;0,93;IND;IND;IND;0,96;0,9;0,94;IND;IND;IND;0,96;0,93;0,95;IND;IND;IND;A;15/03/2019 09:55;B;15/03/2019 09:55;C;15/03/2019 09:55;B;15/03/2019 09:55;A;15/03/2019 09:55;C;15/03/2019 09:55;B;15/03/2019 09:55;A;-;59,97;60,05;60,01;15/03/2019 09:55;15/03/2019 09:55;Válido;None;None;None;0,33;0,33;0,33;0;0,12;0,12;0,12;0;0;0;0,12;0;0,35;14346,46;6131,43;467846,6;13436,46;5777,37;455419,1;5019,36;2052,78;106331,1;5019,36;2052,78;106331,1;0;0;0
15/03/2019 09:57;212,92;212,18;213,86;212,72;35,7;24,16;24,36;58,57;368,79;368,53;370,86;366,97;0,94;0,96;0,9;0,94;IND;IND;IND;IND;21384,77;4924,97;4693,03;11766,77;7895,35;1424,02;2263,39;4094,15;22795,72;5126,71;5210,32;12458,69;60;42,41;A;211,71;213,64;212,51;367,94;370,48;366,3;212,08;213,88;212,79;368,48;370,94;366,93;212,45;214,32;213,21;369,17;371,73;367,58;22,72;23,56;51,19;23,78;23,93;52,89;30,83;24,71;61,28;0,96;0,9;0,94;IND;IND;IND;0,96;0,9;0,95;IND;IND;IND;0,97;0,9;0,95;IND;IND;IND;A;15/03/2019 09:56;B;15/03/2019 09:56;C;15/03/2019 09:56;B;15/03/2019 09:56;A;15/03/2019 09:56;C;15/03/2019 09:56;B;15/03/2019 09:56;A;-;59,98;60,07;60,01;15/03/2019 09:56;15/03/2019 09:56;Válido;None;None;None;0,34;0,34;0,34;0;0,12;0,12;0,12;0;0;0;0,12;0;0,36;15774,25;6131,43;467846,6;14780,43;5777,37;455419,1;5501,34;2052,78;106331,1;5501,34;2052,78;106331,1;0;0;0
15/03/2019 09:58;212,64;211,81;213,6;212,5;34,71;24,04;25,34;54,75;368,29;368,01;370,48;366,39;0,93;0,96;0,87;0,95;IND;IND;IND;IND;20641,85;4892,69;4719,46;11029,7;8002,45;1409,02;2651,82;3700,08;22138,77;5091,54;5413,46;11633,78;60,03;40;A;211,35;213,15;212,15;367,31;369,9;365,69;211,81;213,65;212,51;368,02;370,55;366,41;212,36;214,15;213,01;368,93;371,31;367,39;23,91;23,07;50,2;24,05;24,17;55,72;24,22;33,4;61,21;0,96;0,87;0,94;IND;IND;IND;0,96;0,88;0,95;IND;IND;IND;0,96;0,91;0,95;IND;IND;IND;A;15/03/2019 09:57;B;15/03/2019 09:57;C;15/03/2019 09:57;B;15/03/2019 09:57;B;15/03/2019 09:57;C;15/03/2019 09:57;B;15/03/2019 09:57;A;-;60;60,04;60,02;15/03/2019 09:57;15/03/2019 09:57;Válido;None;None;None;0,34;0,34;0,34;0;0,13;0,13;0,13;0;0;0;0,13;0;0,37;17247,54;6131,43;467846,6;16159,48;5777,37;455419,1;6019,68;2052,78;106331,1;6019,68;2052,78;106331,1;0;0;0
15/03/2019 09:59;212,78;211,9;213,72;212,73;33,45;23,95;26,23;50,16;368,55;368,21;370,72;366,71;0,94;0,96;0,89;0,95;IND;IND;IND;IND;20033,5;4873,54;4992,51;10167,44;7385,22;1414,39;2551,56;3236,12;21351,4;5074,63;5606,75;10670,02;59,98;34,54;A;211,43;213,31;212,22;367,47;370,03;365,8;211,89;213,7;212,63;368,15;370,68;366,58;212,24;214,04;212,96;368,75;371,21;367,17;23,7;24,01;49,48;23,99;25,34;54,79;24,18;30,92;63,37;0,96;0,86;0,95;IND;IND;IND;0,96;0,88;0,95;IND;IND;IND;0,96;0,89;0,96;IND;IND;IND;A;15/03/2019 09:58;B;15/03/2019 09:58;C;15/03/2019 09:58;B;15/03/2019 09:58;A;15/03/2019 09:58;C;15/03/2019 09:58;B;15/03/2019 09:58;A;-;59,97;60,03;60;15/03/2019 09:58;15/03/2019 09:58;Válido;None;None;None;0,35;0,35;0,35;0;0,13;0,13;0,13;0;0;0;0,13;0;0,37;18724,19;6131,43;467846,6;17540,47;5777,37;455419,1;6542,43;2052,78;106331,1;6542,43;2052,78;106331,1;0;0;0
15/03/2019 10:00;212,73;211,76;213,75;212,67;33;23,49;24,7;50,8;368,45;368,07;370,77;366,5;0,94;0,96;0,91;0,95;IND;IND;IND;IND;19847,72;4786,6;4791,88;10269,24;7036,02;1354,86;2217,18;3354,83;21057,96;4974,65;5279,97;10803,34;60,04;35,38;A;211,64;213,54;212,28;367,75;370,37;366,01;212,03;213,86;212,78;368,41;370,94;366,85;212,35;214,18;213,1;368,97;371,45;367,41;23,35;23,36;47,29;23,72;24,34;53,55;24,12;31,67;62,92;0,96;0,89;0,94;IND;IND;IND;0,96;0,9;0,95;IND;IND;IND;0,96;0,91;0,96;IND;IND;IND;A;15/03/2019 09:59;B;15/03/2019 09:59;C;15/03/2019 09:59;B;15/03/2019 09:59;A;15/03/2019 09:59;C;15/03/2019 09:59;B;15/03/2019 09:59;A;-;59,97;60,08;60,02;15/03/2019 09:59;15/03/2019 09:59;Válido;None;None;None;0,34;0,34;0,34;0;0,12;0,12;0,12;0;0;0;0,12;0;0,36;4,68;20161,48;467846,6;4,41;18894,46;455419,1;1,56;7024,58;106331,1;1,56;7024,58;106331,1;0;0;0
15/03/2019 10:01;213,22;212,26;214,2;213,21;33,95;23,56;30,29;48;369,31;369,01;371,51;367,42;0,95;0,96;0,93;0,95;IND;IND;IND;IND;20558,87;4810,4;6064,72;9683,76;7014,31;1364,08;2307,63;3309,12;21722,52;5000,06;6488,91;10233,54;60,02;29;A;211,73;213,51;212,61;368;370,45;366,38;212,12;214,05;212,99;368,67;371,28;367,09;212,47;214,29;213,3;369,3;371,64;367,66;23,08;22,57;47,04;23,46;26,73;51,64;23,6;34,91;59,56;0,96;0,88;0,94;IND;IND;IND;0,96;0,91;0,95;IND;IND;IND;0,96;0,93;0,96;IND;IND;IND;A;15/03/2019 10:00;B;15/03/2019 10:00;C;15/03/2019 10:00;B;15/03/2019 10:00;B;15/03/2019 10:00;C;15/03/2019 10:00;B;15/03/2019 10:00;A;-;59,99;60,04;60,01;15/03/2019 10:00;15/03/2019 10:00;Válido;None;None;None;0,34;0,34;0,34;0;0,12;0,12;0,12;0;0;0;0,12;0;0,36;1451,19;20161,48;467846,6;1366,02;18894,46;455419,1;489,51;7024,58;106331,1;489,51;7024,58;106331,1;0;0;0
15/03/2019 10:02;213,08;212,11;214,03;213,09;35,28;24,02;33,35;48,47;369,06;368,8;371,21;367,16;0,95;0,96;0,94;0,95;IND;IND;IND;IND;21389,43;4877,19;6692,48;9819,77;7170,53;1471,1;2480,41;3199,28;22559,35;5094,22;7137,34;10327,79;60;28,1;A;211,86;213,75;212,88;368,32;370,8;366,79;212,2;214,11;213,19;368,91;371,33;367,42;212,45;214,38;213,4;369,33;371,8;367,87;23,45;30;41,11;23,79;31,38;44,84;29,83;39,84;49,89;0,96;0,93;0,93;IND;IND;IND;0,96;0,94;0,94;IND;IND;IND;0,97;0,95;0,95;IND;IND;IND;A;15/03/2019 10:01;B;15/03/2019 10:01;C;15/03/2019 10:01;B;15/03/2019 10:01;A;15/03/2019 10:01;C;15/03/2019 10:01;C;15/03/2019 10:01;A;-;59,99;60,03;60,01;15/03/2019 10:01;15/03/2019 10:01;Válido;None;None;None;0,34;0,34;0,34;0;0,12;0,12;0,12;0;0;0;0,12;0;0,36;2872,82;20161,48;467846,6;2706,71;18894,46;455419,1;962,04;7024,58;106331,1;962,04;7024,58;106331,1;0;0;0
15/03/2019 10:03;213,16;212,25;214,09;213,16;34,7;22,87;31,54;49,68;369,21;368,93;371,36;367,33;0,95;0,96;0,93;0,95;IND;IND;IND;IND;21043,71;4668,26;6295,12;10080,33;7059,58;1330,02;2445,38;3242,06;22196,29;4854,03;6753,4;10588,87;60,02;31,28;A;212,02;213,94;212,98;368,66;371,01;367,01;212,23;214,12;213,2;368,96;371,38;367,38;212,38;214,3;213,38;369,27;371,65;367,69;22,69;30,34;45,51;23,42;31,38;46,7;24,05;33,33;53,59;0,96;0,93;0,94;IND;IND;IND;0,96;0,93;0,95;IND;IND;IND;0,96;0,94;0,95;IND;IND;IND;A;15/03/2019 10:02;B;15/03/2019 10:02;C;15/03/2019 10:02;B;15/03/2019 10:02;A;15/03/2019 10:02;C;15/03/2019 10:02;B;15/03/2019 10:02;A;-;59,99;60,03;60,01;15/03/2019 10:02;15/03/2019 10:02;Válido;None;None;None;0,34;0,34;0,34;0;0,12;0,12;0,12;0;0;0;0,12;0;0,36;4315,78;20161,48;467846,6;4072,34;18894,46;455419,1;1428,06;7024,58;106331,1;1428,06;7024,58;106331,1;0;0;0
15/03/2019 10:04;213,07;212,16;214;213,06;34,85;22,52;31,93;50,12;369,05;368,8;371,22;367,13;0,95;0,96;0,93;0,96;IND;IND;IND;IND;21097,36;4576,48;6321,39;10199,48;7187,75;1370,61;2591,65;3163,48;22288,16;4777,31;6832,03;10678,81;60,01;32,32;A;211,54;213,44;212,5;367,8;370,15;366,18;212,11;214;213,03;368,76;371,14;367,12;212,4;214,3;213,28;369,25;371,67;367,53;21,41;29,95;42,48;22,35;31,24;46,43;28,74;40;55,79;0,96;0,92;0,94;IND;IND;IND;0,96;0,93;0,95;IND;IND;IND;0,97;0,94;0,96;IND;IND;IND;A;15/03/2019 10:03;B;15/03/2019 10:03;C;15/03/2019 10:03;B;15/03/2019 10:03;A;15/03/2019 10:03;C;15/03/2019 10:03;B;15/03/2019 10:03;A;-;59,98;60,02;60;15/03/2019 10:03;15/03/2019 10:03;Válido;None;None;None;0,34;0,34;0,34;0;0,12;0,12;0,12;0;0;0;0,12;0;0,36;5736,93;20161,48;467846,6;5414,41;18894,46;455419,1;1895,34;7024,58;106331,1;1895,34;7024,58;106331,1;0;0;0
15/03/2019 10:05;212,89;211,98;213,77;212,91;34,2;22,32;31,11;49,17;368,73;368,39;370,89;366,9;0,95;0,96;0,92;0,95;IND;IND;IND;IND;20683,97;4555,92;6142,95;9985,1;7043,24;1274,63;2546,65;3147,69;21850,26;4730,86;6649,91;10469,49;59,99;32,26;A;211,28;213,03;212,16;367,2;369,59;365,58;211,93;213,68;212,84;368,3;370,75;366,77;212,3;214,06;213,18;368,96;371,32;367,4;21,68;31,06;48,27;22,33;32,81;49,9;22,6;42,24;52,25;0,96;0,92;0,95;IND;IND;IND;0,96;0,92;0,96;IND;IND;IND;0,96;0,94;0,96;IND;IND;IND;A;15/03/2019 10:04;B;15/03/2019 10:04;C;15/03/2019 10:04;B;15/03/2019 10:04;A;15/03/2019 10:04;C;15/03/2019 10:04;B;15/03/2019 10:04;A;-;59,99;60,04;60,01;15/03/2019 10:04;15/03/2019 10:04;Válido;None;None;None;0,35;0,35;0,35;0;0,12;0,12;0,12;0;0;0;0,12;0;0,37;7227,95;20161,48;467846,6;6824,34;18894,46;455419,1;2380,32;7024,58;106331,1;2380,32;7024,58;106331,1;0;0;0
15/03/2019 10:06;212,88;212,03;213,78;212,82;34,42;22,43;33,18;47,66;368,71;368,54;370,72;366,87;0,94;0,96;0,92;0,94;IND;IND;IND;IND;20602,11;4569,01;6521,31;9511,8;7690,87;1317,59;2790,88;3520;21990,83;4755,2;7093,41;10142,22;60,02;30,13;A;211,47;213,3;212,52;367,6;370,02;366,25;211,87;213,67;212,83;368,22;370,62;366,82;212,1;213,93;213,12;368,6;371,06;367,32;21,77;30,97;42,49;24,98;32,75;45,24;35,97;42,99;52,06;0,96;0,91;0,94;IND;IND;IND;0,97;0,92;0,95;IND;IND;IND;0,98;0,93;0,96;IND;IND;IND;A;15/03/2019 10:05;B;15/03/2019 10:05;C;15/03/2019 10:05;B;15/03/2019 10:05;A;15/03/2019 10:05;C;15/03/2019 10:05;B;15/03/2019 10:05;A;-;59,97;60,04;60,01;15/03/2019 10:05;15/03/2019 10:05;Válido;None;None;None;0,34;0,34;0,34;0;0,12;0,12;0,12;0;0;0;0,12;0;0,37;8689,07;20161,48;467846,6;8202,05;18894,46;455419,1;2866,69;7024,58;106331,1;2866,69;7024,58;106331,1;0;0;0
15/03/2019 10:07;212,67;211,83;213,45;212,74;34,38;22,49;32,43;48,24;368,36;367,99;370,39;366,7;0,94;0,96;0,92;0,95;IND;IND;IND;IND;20734,79;4573,13;6369,66;9792;7195,49;1335,75;2708;3070,73;21947,81;4764,21;6921,41;10262,2;60,03;31,25;A;211,46;213,15;212,38;367,4;369,86;366,07;211,88;213,55;212,71;368,16;370,48;366,65;212,2;213,84;213,03;368,65;370,95;367,2;22,19;31,06;48,11;22,34;32,39;50,25;22,52;33,83;55,9;0,96;0,92;0,94;IND;IND;IND;0,96;0,92;0,95;IND;IND;IND;0,96;0,92;0,96;IND;IND;IND;A;15/03/2019 10:06;B;15/03/2019 10:06;C;15/03/2019 10:06;B;15/03/2019 10:06;A;15/03/2019 10:06;C;15/03/2019 10:06;B;15/03/2019 10:06;A;-;60,02;60,05;60,03;15/03/2019 10:06;15/03/2019 10:06;Válido;None;None;None;0,35;0,35;0,35;0;0,12;0,12;0,12;0;0;0;0,12;0;0,37;10178,35;20161,48;467846,6;9609,92;18894,46;455419,1;3352,33;7024,58;106331,1;3352,33;7024,58;106331,1;0;0;0
15/03/2019 10:08;213,12;212,31;213,93;213,11;33,61;22,48;30,84;47,52;369,13;368,82;371,09;367,47;0,94;0,96;0,92;0,94;IND;IND;IND;IND;20162,64;4592,43;6058,58;9511,63;7453,53;1297,39;2610,85;3475,91;21496,22;4772,17;6597,19;10126,85;60,07;30,55;A;211,46;213,07;212,34;367,37;369,61;366,1;211,87;213,5;212,75;368,07;370,4;366,77;212,31;213,93;213,11;368,82;371,09;367,47;22,39;30,82;42,03;22,71;31,88;47;26,24;33,01;53,67;0,96;0,92;0,94;IND;IND;IND;0,96;0,92;0,94;IND;IND;IND;0,97;0,92;0,95;IND;IND;IND;A;15/03/2019 10:07;B;15/03/2019 10:08;C;15/03/2019 10:07;B;15/03/2019 10:08;A;15/03/2019 10:07;C;15/03/2019 10:07;B;15/03/2019 10:07;A;-;60,01;60,07;60,03;15/03/2019 10:07;15/03/2019 10:07;Válido;None;None;None;0,34;0,34;0,34;0;0,12;0,12;0,12;0;0;0;0,12;0;0,36;11619,53;20161,48;467846,6;10965,11;18894,46;455419,1;3842,54;7024,58;106331,1;3842,54;7024,58;106331,1;0;0;0
15/03/2019 10:09;212,9;212,11;213,76;212,82;35,42;21,98;31,3;53;368,74;368,51;370,79;366,93;0,94;0,96;0,92;0,95;IND;IND;IND;IND;21380,98;4482,74;6183,45;10714,79;7417,52;1282,3;2552,68;3522,37;22631,08;4662,53;6689,63;11278,91;60,02;36,61;A;211,59;213,27;212,47;367,63;370,02;366,22;212,13;213,76;212,96;368,53;370,87;367,12;212,47;214,1;213,27;369,09;371,44;367,7;21,47;29,99;43,43;22,28;31,63;48,73;25,34;32,63;54,07;0,96;0,92;0,94;IND;IND;IND;0,96;0,92;0,95;IND;IND;IND;0,97;0,92;0,96;IND;IND;IND;A;15/03/2019 10:08;B;15/03/2019 10:08;C;15/03/2019 10:08;B;15/03/2019 10:08;A;15/03/2019 10:08;C;15/03/2019 10:08;B;15/03/2019 10:08;A;-;59,98;60,07;60,02;15/03/2019 10:08;15/03/2019 10:08;Válido;None;None;None;0,34;0,34;0,34;0;0,12;0,12;0,12;0;0;0;0,12;0;0,36;13077,19;20161,48;467846,6;12343,13;18894,46;455419,1;4317,69;7024,58;106331,1;4317,69;7024,58;106331,1;0;0;0
15/03/2019 10:10;213,05;212,13;213,9;213,12;31,7;22,91;30,39;41,79;369,01;368,65;371,04;367,34;0,94;0,96;0,93;0,94;IND;IND;IND;IND;19094,96;4660,32;6031,23;8403,41;6795,46;1379,69;2425,7;2952,78;20268,1;4860,26;6500,75;8907,08;60;25,61;A;211,83;213,66;212,67;368,2;370,54;366,6;212,16;213,9;212,96;368,67;371,01;367,12;212,48;214,18;213,18;369,2;371,48;367,54;21,97;29,43;41,77;23,04;30,61;49,76;30,58;31,8;55,99;0,96;0,92;0,94;IND;IND;IND;0,96;0,93;0,95;IND;IND;IND;0,97;0,93;0,96;IND;IND;IND;A;15/03/2019 10:09;B;15/03/2019 10:09;C;15/03/2019 10:09;B;15/03/2019 10:09;A;15/03/2019 10:09;C;15/03/2019 10:09;B;15/03/2019 10:09;A;-;59,98;60,04;60,02;15/03/2019 10:09;15/03/2019 10:09;Válido;None;None;None;0,35;0,35;0,35;0;0,12;0,12;0,12;0;0;0;0,12;0;0,37;14545,94;20161,48;467846,6;13728,74;18894,46;455419,1;4804,67;7024,58;106331,1;4804,67;7024,58;106331,1;0;0;0
15/03/2019 10:11;212,85;211,6;213,78;213,16;36,33;34,39;30,68;43,93;368,66;367,88;371,08;367,03;0,94;0,93;0,92;0,96;IND;IND;IND;IND;21810,48;6768,17;6042,41;8999,9;7909,93;2674,21;2549,63;2588,99;23200,52;7277,33;6558,3;9364,89;60,01;21,05;A;211,36;213,52;212,76;367,46;370,54;366,43;212,13;214,01;213,25;368,66;371,34;367,44;212,45;214,23;213,48;369,16;371,78;367,97;22,89;28,63;41,45;25,51;29,97;45,23;37,77;37,47;57,93;0,93;0,92;0,94;IND;IND;IND;0,95;0,93;0,95;IND;IND;IND;0,96;0,93;0,96;IND;IND;IND;A;15/03/2019 10:10;B;15/03/2019 10:10;C;15/03/2019 10:10;B;15/03/2019 10:10;A;15/03/2019 10:10;C;15/03/2019 10:10;B;15/03/2019 10:10;A;-;59,98;60,03;60,01;15/03/2019 10:10;15/03/2019 10:10;Válido;None;None;None;0,34;0,34;0,34;0;0,12;0,12;0,12;0;0;0;0,12;0;0,36;15977,13;20161,48;467846,6;15081,94;18894,46;455419,1;5270,28;7024,58;106331,1;5270,28;7024,58;106331,1;0;0;0
15/03/2019 10:12;212,96;211,73;213,9;213,26;33,51;33,9;30,47;36,17;368,86;368,19;371,11;367,28;0,94;0,93;0,92;0,96;IND;IND;IND;IND;20060,14;6684,59;6009,58;7365,97;7476,84;2612,97;2523,92;2287,62;21408,24;7177,15;6518,07;7713,02;60;16,91;A;211,3;213,54;212,75;367,46;370,5;366,36;211,63;213,81;213,13;367,98;371;367,04;211,98;214,11;213,45;368,54;371,56;367,66;33,71;29,2;36,17;34,53;30,32;41,07;37,38;31,54;44,12;0,93;0,92;0,95;IND;IND;IND;0,93;0,92;0,96;IND;IND;IND;0,94;0,92;0,97;IND;IND;IND;A;15/03/2019 10:11;B;15/03/2019 10:11;C;15/03/2019 10:11;B;15/03/2019 10:11;B;15/03/2019 10:11;C;15/03/2019 10:11;B;15/03/2019 10:11;A;-;59,97;60,03;60,01;15/03/2019 10:11;15/03/2019 10:11;Válido;None;None;None;0,35;0,35;0,35;0;0,13;0,13;0,13;0;0;0;0,13;0;0,38;17479,93;20161,48;467846,6;16492,97;18894,46;455419,1;5787,3;7024,58;106331,1;5787,3;7024,58;106331,1;0;0;0
15/03/2019 10:13;212,99;212,07;213,77;213,13;27,58;22,13;23,4;37,22;368,9;368,35;370,97;367,39;0,94;0,96;0,89;0,96;IND;IND;IND;IND;16528,15;4495,3;4429,62;7603,23;6125,91;1347,53;2323,58;2259,59;17626,87;4692,92;5002,06;7931,89;60,02;26,66;A;211,24;213,33;212,74;367,32;370,21;366,4;211,74;213,7;213,16;368,05;370,8;367,23;212,36;213,97;213,45;368,88;371,22;367,94;21,96;23,4;35,08;31,77;31,17;36,78;36,7;41,17;44,63;0,93;0,89;0,95;IND;IND;IND;0,94;0,92;0,96;IND;IND;IND;0,97;0,93;0,97;IND;IND;IND;A;15/03/2019 10:12;B;15/03/2019 10:12;C;15/03/2019 10:12;B;15/03/2019 10:12;A;15/03/2019 10:12;C;15/03/2019 10:12;B;15/03/2019 10:13;A;-;59,98;60,02;59,99;15/03/2019 10:12;15/03/2019 10:12;Válido;None;None;None;0,33;0,33;0,33;0;0,12;0,12;0,12;0;0;0;0,12;0;0,35;18895,11;20161,48;467846,6;17822,58;18894,46;455419,1;6271,66;7024,58;106331,1;6271,66;7024,58;106331,1;0;0;0
15/03/2019 10:14;213,28;212,3;214,09;213,46;27,27;22,06;24,01;35,74;369,42;368,83;371,53;367,89;0,94;0,96;0,91;0,95;IND;IND;IND;IND;16437,63;4484,03;4690,72;7262,88;5866,07;1349,48;2104,67;2335,11;17452,98;4682,7;5141,25;7629,03;60,03;23,13;A;211,84;213,65;212,97;368,09;370,69;367,09;212,2;213,93;213,29;368,6;371,24;367,65;212,52;214,26;213,58;369,19;371,74;368,16;21,9;22,4;34,9;22,22;23,73;36,28;24,93;25,23;44,57;0,96;0,88;0,95;IND;IND;IND;0,96;0,9;0,95;IND;IND;IND;0,97;0,91;0,96;IND;IND;IND;A;15/03/2019 10:13;B;15/03/2019 10:13;C;15/03/2019 10:13;B;15/03/2019 10:13;A;15/03/2019 10:13;C;15/03/2019 10:13;B;15/03/2019 10:13;A;-;59,98;60,03;60,01;15/03/2019 10:13;15/03/2019 10:14;Válido;None;None;None;0,27;0,27;0,27;0;0,1;0,1;0,1;0;0;0;0,1;0;0,29;20063,74;20161,48;467846,6;18920,06;18894,46;455419,1;6673,13;7024,58;106331,1;6673,13;7024,58;106331,1;0;0;0
15/03/2019 10:15;212,99;212,1;213,81;213,04;29,02;22,65;24,13;40,29;368,9;368,45;370,91;367,33;0,94;0,96;0,91;0,95;IND;IND;IND;IND;17480,21;4604,9;4704,79;8170,53;6197,72;1368,55;2117,36;2629,31;18546,42;4803,96;5159,29;8583,17;60,01;27,46;A;211,81;213,5;212,81;367,9;370,45;366,89;212,21;213,95;213,23;368,65;371,22;367,59;212,67;214,53;213,82;369,54;372,24;368,49;21,85;22,51;35,6;22,55;23,99;39,56;30,45;30,87;50,27;0,96;0,9;0,94;IND;IND;IND;0,96;0,91;0,95;IND;IND;IND;0,97;0,93;0,96;IND;IND;IND;A;15/03/2019 10:14;B;15/03/2019 10:14;C;15/03/2019 10:14;B;15/03/2019 10:14;A;15/03/2019 10:14;C;15/03/2019 10:14;B;15/03/2019 10:14;A;-;60;60,07;60,02;15/03/2019 10:14;15/03/2019 10:14;Válido;None;None;None;0,29;0,29;0,29;0;0,1;0,1;0,1;0;0;0;0,1;0;0,31;4,12;21283,14;467846,6;3,88;20069,2;455419,1;1,38;7081,04;106331,1;1,38;7081,04;106331,1;0;0;0
15/03/2019 10:16;213,03;212,08;213,9;213,12;27,93;22,33;21,84;39,62;368,98;368,46;371,12;367,36;0,95;0,96;0,92;0,95;IND;IND;IND;IND;16893,67;4545,08;4299,27;8049,32;5769,83;1331,93;1829,31;2549,13;17851,81;4736,22;4672,27;8443,32;60,01;27,17;A;211,84;213,63;212,75;367,96;370,54;366,9;212,18;213,93;213,05;368,6;371,08;367,35;212,42;214,17;213,39;369,05;371,58;367,88;22,22;21,8;39,57;22,9;23,25;44,05;28,85;24,11;51,29;0,96;0,91;0,94;IND;IND;IND;0,96;0,92;0,95;IND;IND;IND;0,97;0,92;0,96;IND;IND;IND;A;15/03/2019 10:15;B;15/03/2019 10:15;C;15/03/2019 10:15;B;15/03/2019 10:15;B;15/03/2019 10:15;C;15/03/2019 10:15;B;15/03/2019 10:15;A;-;59,99;60,02;60,01;15/03/2019 10:15;15/03/2019 10:15;Válido;None;None;None;0,3;0,3;0,3;0;0,11;0,11;0,11;0;0;0;0,11;0;0,32;1285,28;21283,14;467846,6;1212,66;20069,2;455419,1;425,88;7081,04;106331,1;425,88;7081,04;106331,1;0;0;0
15/03/2019 10:17;213,04;212,01;213,95;213,14;29,23;23,36;23,88;40,45;368,99;368,45;371,23;367,28;0,94;0,96;0,91;0,95;IND;IND;IND;IND;17573,11;4747,31;4637,07;8188,74;6342,14;1407,91;2142,72;2700,9;18682,53;4951,68;5108,19;8622,66;60,04;27,17;A;211,61;213,45;212,67;367,66;370,37;366,55;211,92;213,76;212,96;368,23;370,86;367,06;212,17;214,08;213,28;368,7;371,44;367,55;22,22;21,84;39,55;22,85;24,05;40,39;29,3;30,21;49,87;0,96;0,9;0,95;IND;IND;IND;0,96;0,91;0,95;IND;IND;IND;0,97;0,93;0,96;IND;IND;IND;A;15/03/2019 10:16;B;15/03/2019 10:16;C;15/03/2019 10:16;B;15/03/2019 10:16;B;15/03/2019 10:16;C;15/03/2019 10:16;B;15/03/2019 10:16;A;-;59,97;60,04;59,99;15/03/2019 10:16;15/03/2019 10:16;Válido;None;None;None;0,29;0,29;0,29;0;0,1;0,1;0,1;0;0;0;0,1;0;0,31;2524,19;21283,14;467846,6;2379,55;20069,2;455419,1;842,06;7081,04;106331,1;842,06;7081,04;106331,1;0;0;0
15/03/2019 10:18;212,56;211,65;213,59;212,45;37,92;23,94;22,83;67;368,16;367,76;370,73;365,99;0,96;0,96;0,91;0,98;IND;IND;IND;IND;23183,11;4843,32;4430,52;13909,27;6864,15;1490,84;2036,46;3024,17;24177,95;5067,58;4876,14;14234,24;60;51,07;A;211,34;213,28;212,24;367,19;370,33;365,52;211,7;213,64;212,53;367,86;370,82;366,12;212;213,93;213,13;368,41;371,27;367,26;23,05;21,62;40,39;23,98;22,86;64,46;34,05;24,18;74,12;0,96;0,9;0,95;IND;IND;IND;0,96;0,91;0,98;IND;IND;IND;0,97;0,91;0,98;IND;IND;IND;A;15/03/2019 10:17;B;15/03/2019 10:17;C;15/03/2019 10:17;B;15/03/2019 10:17;B;15/03/2019 10:17;C;15/03/2019 10:17;B;15/03/2019 10:17;A;-;59,96;60,04;60,01;15/03/2019 10:17;15/03/2019 10:17;Válido;None;None;None;0,38;0,38;0,38;0;0,11;0,11;0,11;0;0;0;0,11;0;0,39;4101,48;21283,14;467846,6;3891,56;20069,2;455419,1;1290,65;7081,04;106331,1;1290,65;7081,04;106331,1;0;0;0
15/03/2019 10:19;212,59;211,69;213,61;212,45;37,58;23,38;22,36;66,98;368,21;367,85;370,76;366,02;0,96;0,96;0,91;0,98;IND;IND;IND;IND;23034,04;4737,93;4364,97;13931,14;6586,99;1434,65;1940,76;2901,16;23957,37;4950,37;4776,97;14230,02;60,01;51,53;A;211,39;213,36;212,25;367,32;370,29;365,67;211,61;213,55;212,41;367,69;370,64;365,95;211,84;213,74;212,59;368,08;370,97;366,28;23,27;20,96;64,94;24,75;22,05;65,94;30,64;23,47;69,03;0,96;0,9;0,98;IND;IND;IND;0,96;0,91;0,98;IND;IND;IND;0,97;0,91;0,98;IND;IND;IND;A;15/03/2019 10:18;B;15/03/2019 10:18;C;15/03/2019 10:18;B;15/03/2019 10:18;B;15/03/2019 10:18;C;15/03/2019 10:18;B;15/03/2019 10:18;A;-;59,98;60,01;59,99;15/03/2019 10:18;15/03/2019 10:18;Válido;None;None;None;0,38;0,38;0,38;0;0,11;0,11;0,11;0;0;0;0,11;0;0,4;5698,24;21283,14;467846,6;5425,63;20069,2;455419,1;1733,64;7081,04;106331,1;1733,64;7081,04;106331,1;0;0;0
15/03/2019 10:20;212,66;211,8;213,69;212,48;37,97;22,79;21,93;69,19;368,33;367,99;370,87;366,12;0,96;0,96;0,92;0,98;IND;IND;IND;IND;23284,29;4619,63;4306,24;14358,42;6641,62;1396,57;1848,01;3154,52;24213;4826,12;4686,03;14700,86;59,99;54,15;A;211,41;213,38;212,16;367,4;370,32;365,5;211,68;213,69;212,45;367,83;370,84;366,05;211,9;213,92;212,65;368,22;371,2;366,45;22,75;19,8;64,94;26,71;21,45;67,87;32,09;30,02;74,86;0,96;0,91;0,98;IND;IND;IND;0,97;0,92;0,98;IND;IND;IND;0,98;0,92;0,98;IND;IND;IND;A;15/03/2019 10:19;B;15/03/2019 10:19;C;15/03/2019 10:19;B;15/03/2019 10:19;B;15/03/2019 10:19;C;15/03/2019 10:19;B;15/03/2019 10:19;A;-;59,97;60,01;59,99;15/03/2019 10:19;15/03/2019 10:19;Válido;None;None;None;0,4;0,4;0,4;0;0,11;0,11;0,11;0;0;0;0,11;0;0,41;7341,98;21283,14;467846,6;7010,43;20069,2;455419,1;2169,69;7081,04;106331,1;2169,69;7081,04;106331,1;0;0;0
15/03/2019 10:21;212,5;211,73;213,69;212,08;43,97;24,3;25,54;82,07;368,05;367,97;370,64;365,55;0,95;0,96;0,92;0,95;IND;IND;IND;IND;26558,66;4946,13;5023,07;16589,46;8897,37;1417,61;2136;5267,83;28009,38;5145,27;5458,37;17405,75;60;65,59;A;211,62;213,55;211,89;367,72;370,45;365,28;211,89;213,79;212,27;368,17;370,87;365,89;212,11;214,01;212,7;368,56;371,25;366,49;21,69;22,02;66,72;24,03;24,18;80,19;27,42;31;87,99;0,95;0,91;0,95;IND;IND;IND;0,96;0,92;0,96;IND;IND;IND;0,97;0,93;0,98;IND;IND;IND;A;15/03/2019 10:20;B;15/03/2019 10:20;C;15/03/2019 10:20;B;15/03/2019 10:20;A;15/03/2019 10:20;C;15/03/2019 10:20;B;15/03/2019 10:20;A;-;59,98;60,02;60;15/03/2019 10:20;15/03/2019 10:20;Válido;None;None;None;0,43;0,43;0,43;0;0,14;0,14;0,14;0;0;0;0,14;0;0,45;9160,78;21283,14;467846,6;8742,38;20069,2;455419,1;2724,42;7081,04;106331,1;2724,42;7081,04;106331,1;0;0;0
15/03/2019 10:22;212,7;212,03;213,81;212,26;43,46;23,1;24,31;82,98;368,39;368,33;370,84;366,01;0,95;0,96;0,92;0,95;IND;IND;IND;IND;26237,96;4685,59;4790,34;16762,02;8906,69;1426,11;2016,75;5408,86;27708,47;4897,81;5197,56;17613,1;60,01;66,81;A;211,4;213,38;211,74;367,37;370,09;364,96;211,8;213,67;212,07;368,01;370,59;365,62;212,17;213,92;212,36;368,56;371,02;366,22;21,66;24,05;81,96;23,6;24,42;82,77;29,92;25,47;89,74;0,95;0,91;0,95;IND;IND;IND;0,96;0,92;0,95;IND;IND;IND;0,97;0,93;0,95;IND;IND;IND;A;15/03/2019 10:21;B;15/03/2019 10:21;C;15/03/2019 10:21;B;15/03/2019 10:21;A;15/03/2019 10:21;C;15/03/2019 10:21;B;15/03/2019 10:21;A;-;59,96;60,03;59,99;15/03/2019 10:21;15/03/2019 10:21;Válido;None;None;None;0,44;0,44;0,44;0;0,15;0,15;0,15;0;0;0;0,15;0;0,46;11012,1;21283,14;467846,6;10496,72;20069,2;455419,1;3315,73;7081,04;106331,1;3315,73;7081,04;106331,1;0;0;0
15/03/2019 10:23;212,6;211,75;213,69;212,35;35,42;22,01;24,35;59,9;368,22;368,02;370,48;366,17;0,92;0,96;0,94;0,91;IND;IND;IND;IND;20886,52;4456,9;4882,46;11547,16;8585,99;1361,06;1795,88;5335,09;22582,43;4660,09;5202,27;12720,07;60;44,76;A;211,61;213,49;211,92;367,66;370,3;365,36;211,9;213,81;212,42;368,23;370,71;366,29;212,15;214,08;212,72;368,72;371,12;366,87;21,78;23,93;58,8;23,52;24,51;65,19;26,97;25,33;83,03;0,95;0,92;0,91;IND;IND;IND;0,96;0,93;0,92;IND;IND;IND;0,97;0,94;0,95;IND;IND;IND;A;15/03/2019 10:22;B;15/03/2019 10:22;C;15/03/2019 10:22;B;15/03/2019 10:22;A;15/03/2019 10:22;C;15/03/2019 10:22;C;15/03/2019 10:22;A;-;59,99;60,03;60;15/03/2019 10:22;15/03/2019 10:22;Válido;None;None;None;0,37;0,37;0,37;0;0,15;0,15;0,15;0;0;0;0,15;0;0,4;12616,71;21283,14;467846,6;11990,45;20069,2;455419,1;3899,99;7081,04;106331,1;3899,99;7081,04;106331,1;0;0;0
15/03/2019 10:24;212,63;211,61;213,59;212,7;28,32;22,43;25,54;36,98;368,29;367,88;370,42;366,56;0,94;0,96;0,94;0,92;IND;IND;IND;IND;16900,55;4536,86;5101,94;7261,75;6384,99;1394,39;1932,48;3019,44;18066,45;4746,31;5455,67;7864,48;59,98;22,57;A;211,53;213,49;212,24;367,73;370,23;365,94;211,83;213,76;212,67;368,18;370,65;366,67;212,08;213,98;213,11;368,55;371,12;367,38;21,48;23,62;33,61;22,15;24,71;46,94;31,25;32,04;59,97;0,95;0,93;0,89;IND;IND;IND;0,96;0,94;0,91;IND;IND;IND;0,97;0,95;0,93;IND;IND;IND;A;15/03/2019 10:23;B;15/03/2019 10:23;C;15/03/2019 10:23;B;15/03/2019 10:23;A;15/03/2019 10:23;C;15/03/2019 10:23;C;15/03/2019 10:23;A;-;59,96;60,01;59,98;15/03/2019 10:23;15/03/2019 10:23;Válido;None;None;None;0,31;0,31;0,31;0;0,12;0,12;0,12;0;0;0;0,12;0;0,33;13947,02;21283,14;467846,6;13224,66;20069,2;455419,1;4395,68;7081,04;106331,1;4395,68;7081,04;106331,1;0;0;0
15/03/2019 10:25;212,69;211,67;213,66;212,74;28,23;22,71;25,19;36,79;368,39;368;370,51;366,67;0,93;0,95;0,93;0,92;IND;IND;IND;IND;16801,92;4586,56;5001,69;7213,67;6500,44;1435,95;1988,92;3036,83;18015,55;4806,09;5382,63;7826,84;59,97;22,4;A;211,54;213,51;212,67;367,7;370,35;366,49;211,86;213,83;212,91;368,31;370,8;366,97;212,2;214,12;213,22;368,87;371,29;367,54;22,1;24,43;36,7;22,67;25,44;37,68;29,65;34,57;39,51;0,95;0,92;0,92;IND;IND;IND;0,95;0,93;0,93;IND;IND;IND;0,96;0,94;0,93;IND;IND;IND;A;15/03/2019 10:24;B;15/03/2019 10:24;C;15/03/2019 10:24;B;15/03/2019 10:24;A;15/03/2019 10:24;C;15/03/2019 10:24;C;15/03/2019 10:24;A;-;59,96;60,02;59,99;15/03/2019 10:24;15/03/2019 10:24;Válido;None;None;None;0,28;0,28;0,28;0;0,11;0,11;0,11;0;0;0;0,11;0;0,3;15164,63;21283,14;467846,6;14363,76;20069,2;455419,1;4825,79;7081,04;106331,1;4825,79;7081,04;106331,1;0;0;0
15/03/2019 10:26;212,83;211,77;213,78;212,95;28,27;24,44;24,5;35,85;368,64;368,15;370,77;366,99;0,94;0,95;0,93;0,93;IND;IND;IND;IND;16940,65;4938,43;4888,67;7113,56;6228,14;1551,87;1881,39;2771,89;18049,25;5176,52;5238,2;7634,53;59,99;20,68;A;211,25;213,14;212,36;367,16;369,68;365,99;211,6;213,55;212,7;367,82;370,36;366,6;211,87;213,82;212,97;368,27;370,79;367,06;22,64;24,15;35,31;23,27;25,14;37,21;33,23;32,78;39,2;0,95;0,92;0,92;IND;IND;IND;0,95;0,93;0,93;IND;IND;IND;0,96;0,94;0,94;IND;IND;IND;A;15/03/2019 10:25;B;15/03/2019 10:25;C;15/03/2019 10:25;B;15/03/2019 10:25;A;15/03/2019 10:25;C;15/03/2019 10:25;C;15/03/2019 10:25;A;-;59,95;60;59,98;15/03/2019 10:25;15/03/2019 10:25;Válido;None;None;None;0,28;0,28;0,28;0;0,11;0,11;0,11;0;0;0;0,11;0;0,3;16378,46;21283,14;467846,6;15500,02;20069,2;455419,1;5252,71;7081,04;106331,1;5252,71;7081,04;106331,1;0;0;0
15/03/2019 10:27;212,7;211,6;213,65;212,84;28,35;24,57;24,9;35,57;368,4;367,88;370,57;366,75;0,94;0,95;0,94;0,93;IND;IND;IND;IND;16950,91;4941,95;4974,98;7033,97;6316,24;1614,03;1883,17;2800,94;18089,45;5198,85;5319,47;7571,13;59,98;19,76;A;211,23;213,31;212,56;367,23;369,91;366,29;211,62;213,6;212,8;367,89;370,45;366,74;211,93;213,95;213,1;368,42;371,05;367,24;23,68;24,22;35,31;24,51;26,88;36;33,49;34,45;43,78;0,95;0,93;0,93;IND;IND;IND;0,95;0,94;0,93;IND;IND;IND;0,96;0,96;0,94;IND;IND;IND;A;15/03/2019 10:26;B;15/03/2019 10:26;C;15/03/2019 10:26;B;15/03/2019 10:26;A;15/03/2019 10:26;C;15/03/2019 10:26;C;15/03/2019 10:26;A;-;59,96;60,03;59,99;15/03/2019 10:26;15/03/2019 10:26;Válido;None;None;None;0,29;0,29;0,29;0;0,11;0,11;0,11;0;0;0;0,11;0;0,31;17617,7;21283,14;467846,6;16664,73;20069,2;455419,1;5675,83;7081,04;106331,1;5675,83;7081,04;106331,1;0;0;0
15/03/2019 10:28;212,53;211,6;213,61;212,37;38,35;35,68;26,86;52,52;368,1;367,69;370,23;366,39;0,93;0,98;0,92;0,9;IND;IND;IND;IND;22687,46;7393,04;5259,43;10035;9092,43;1534,8;2294,41;4866,72;24441,63;7550,67;5738,11;11152,85;60,01;36,56;A;211,36;213,29;212,12;367,3;369,93;365,85;211,6;213,57;212,47;367,76;370,26;366,38;211,86;213,8;212,92;368,25;370,69;366,93;24,18;24,69;35,48;27,75;26,07;48,32;39,14;33,37;61,43;0,95;0,91;0,9;IND;IND;IND;0,96;0,93;0,9;IND;IND;IND;0,98;0,94;0,93;IND;IND;IND;A;15/03/2019 10:27;B;15/03/2019 10:27;C;15/03/2019 10:27;B;15/03/2019 10:27;A;15/03/2019 10:27;C;15/03/2019 10:27;C;15/03/2019 10:27;A;-;59,96;60,01;59,99;15/03/2019 10:27;15/03/2019 10:27;Válido;None;None;None;0,33;0,33;0,33;0;0,14;0,14;0,14;0;0;0;0,14;0;0,36;19064,72;21283,14;467846,6;18003,05;20069,2;455419,1;6225,35;7081,04;106331,1;6225,35;7081,04;106331,1;0;0;0
15/03/2019 10:29;212,87;211,95;213,96;212,7;40,47;35,58;28,96;56,87;368,7;368,29;370,91;366,9;0,92;0,98;0,9;0,9;IND;IND;IND;IND;23889,16;7382,77;5570,92;10935,48;9831,28;1533,7;2710,97;5172,63;25833,04;7540,39;6195,52;12097,14;60;39,8;A;211,41;213,48;212,26;367,38;370,04;366,16;211,73;213,81;212,56;367,96;370,61;366,66;212,06;214,11;212,86;368,51;371,11;367,19;35,54;26,57;52,01;36,14;27,38;52,86;40,35;35,81;61,3;0,98;0,9;0,89;IND;IND;IND;0,98;0,91;0,9;IND;IND;IND;0,98;0,92;0,92;IND;IND;IND;A;15/03/2019 10:28;B;15/03/2019 10:28;C;15/03/2019 10:28;B;15/03/2019 10:28;B;15/03/2019 10:28;C;15/03/2019 10:28;C;15/03/2019 10:28;A;-;59,98;60,01;60;15/03/2019 10:28;15/03/2019 10:28;Válido;None;None;None;0,38;0,38;0,38;0;0,15;0,15;0,15;0;0;0;0,15;0;0,41;20714,25;21283,14;467846,6;19532,71;20069,2;455419,1;6842,67;7081,04;106331,1;6842,67;7081,04;106331,1;0;0;0
15/03/2019 10:30;213,06;212,13;214,13;212,92;38,83;35,9;28,34;52,27;369,02;368,61;371,15;367,3;0,92;0,98;0,9;0,9;IND;IND;IND;IND;22923,64;7451,01;5463,75;10008,87;9493,34;1570,49;2641,34;4864,06;24811,63;7614,73;6068,71;11128,19;60,01;35,88;A;211,8;213,76;212,56;368,02;370,52;366,68;211,98;213,99;212,77;368,36;370,93;367,04;212,16;214,19;212,97;368,63;371,28;367,38;35,16;27,78;51,75;35,83;28,54;53,34;41,91;32,82;56,73;0,98;0,9;0,9;IND;IND;IND;0,98;0,9;0,9;IND;IND;IND;0,98;0,91;0,91;IND;IND;IND;A;15/03/2019 10:29;B;15/03/2019 10:29;C;15/03/2019 10:29;B;15/03/2019 10:29;B;15/03/2019 10:29;C;15/03/2019 10:29;C;15/03/2019 10:29;A;-;59,97;60,01;60;15/03/2019 10:29;15/03/2019 10:29;Válido;None;None;None;0,39;0,39;0,39;0;0,16;0,16;0,16;0;0;0;0,16;0;0,42;5,51;22378,84;467846,6;5,09;21072,58;455419,1;2,11;7474,81;106331,1;2,11;7474,81;106331,1;0;0;0
15/03/2019 10:31;212,82;211,79;213,94;212,72;38,24;35,24;27,68;51,79;368,61;368,14;370,91;366,78;0,93;0,98;0,91;0,91;IND;IND;IND;IND;22705,57;7314,57;5377,58;10013,42;8944,26;1488,41;2481,86;4593,15;24403,74;7464,47;5922,66;11016,61;60;35,6;A;211,67;213,76;212,6;367,93;370,6;366,6;211,98;214,03;212,84;368,4;371,02;367,08;212,28;214,29;213,09;368,88;371,45;367,59;35,24;27,46;50,49;35,79;28,35;51,71;35,9;29,92;53,79;0,98;0,9;0,9;IND;IND;IND;0,98;0,9;0,91;IND;IND;IND;0,98;0,91;0,91;IND;IND;IND;A;15/03/2019 10:30;B;15/03/2019 10:30;C;15/03/2019 10:30;B;15/03/2019 10:30;B;15/03/2019 10:30;C;15/03/2019 10:30;B;15/03/2019 10:30;A;-;59,94;60,02;59,99;15/03/2019 10:30;15/03/2019 10:30;Válido;None;None;None;0,38;0,38;0,38;0;0,15;0,15;0,15;0;0;0;0,15;0;0,41;1649,56;22378,84;467846,6;1530,4;21072,58;455419,1;615,51;7474,81;106331,1;615,51;7474,81;106331,1;0;0;0
15/03/2019 10:32;213,12;212,21;214,19;212,96;38,65;34,64;28,14;53,16;369,13;368,77;371,27;367,36;0,93;0,98;0,92;0,91;IND;IND;IND;IND;23084,41;7212,47;5521,19;10350,75;8784,69;1422,87;2418,93;4583,29;24699,41;7351,48;6027,83;11320,1;60,01;36,88;A;211,67;213,7;212,51;367,85;370,46;366,57;212;214;212,81;368,39;370,98;367,08;212,28;214,28;213,05;368,92;371,39;367,55;34,4;27;51,27;34,86;27,72;51,92;35,35;28,88;55,15;0,98;0,91;0,91;IND;IND;IND;0,98;0,92;0,91;IND;IND;IND;0,98;0,92;0,92;IND;IND;IND;A;15/03/2019 10:31;B;15/03/2019 10:31;C;15/03/2019 10:31;B;15/03/2019 10:31;B;15/03/2019 10:31;C;15/03/2019 10:31;C;15/03/2019 10:31;A;-;59,97;60,01;59,99;15/03/2019 10:31;15/03/2019 10:31;Válido;None;None;None;0,38;0,38;0,38;0;0,15;0,15;0,15;0;0;0;0,15;0;0,41;3274,36;22378,84;467846,6;3045,67;21072,58;455419,1;1201,94;7474,81;106331,1;1201,94;7474,81;106331,1;0;0;0
15/03/2019 10:33;213,18;212,29;214,27;212,98;38,99;35,08;28,45;53,45;369,23;368,92;371,33;367,45;0,93;0,98;0,91;0,9;IND;IND;IND;IND;23133,61;7304,94;5563,6;10265,07;9286,1;1450,91;2494,05;4919,75;24927,81;7447,64;6097,04;11383,13;60,01;37,31;A;211,94;213,97;212,62;368,37;370,79;366,77;212,24;214,27;212,94;368,89;371,32;367,34;212,41;214,47;213,14;369,17;371,65;367,67;34,52;26,83;50,97;34,86;27,73;52,85;42,15;33,34;60,92;0,98;0,91;0,9;IND;IND;IND;0,98;0,92;0,91;IND;IND;IND;0,98;0,93;0,92;IND;IND;IND;A;15/03/2019 10:32;B;15/03/2019 10:32;C;15/03/2019 10:32;B;15/03/2019 10:32;B;15/03/2019 10:32;C;15/03/2019 10:32;C;15/03/2019 10:32;A;-;59,97;60,01;59,99;15/03/2019 10:32;15/03/2019 10:32;Válido;None;None;None;0,38;0,38;0,38;0;0,15;0,15;0,15;0;0;0;0,15;0;0,41;4913,95;22378,84;467846,6;4574,41;21072,58;455419,1;1794,51;7474,81;106331,1;1794,51;7474,81;106331,1;0;0;0
15/03/2019 10:34;213,33;212,18;214,38;213,43;34,79;39,75;27,59;37,04;369,5;368,84;371,68;367,98;0,95;0,98;0,92;0,93;IND;IND;IND;IND;21096,27;8300,44;5431,93;7363,9;7085,61;1495,61;2342,17;2874,18;22254,4;8434,11;5915,37;7904,93;60;23,74;A;211,97;214,02;212,95;368,47;370,89;367,31;212,19;214,29;213,3;368,85;371,52;367,78;212,45;214,51;213,55;369,23;371,89;368,22;34,89;25,94;36,25;35,61;27,16;39,36;42,06;35,32;55,98;0,98;0,91;0,9;IND;IND;IND;0,98;0,92;0,93;IND;IND;IND;0,98;0,93;0,94;IND;IND;IND;A;15/03/2019 10:33;B;15/03/2019 10:33;C;15/03/2019 10:33;B;15/03/2019 10:33;B;15/03/2019 10:33;C;15/03/2019 10:33;C;15/03/2019 10:33;A;-;59,97;60,02;60;15/03/2019 10:33;15/03/2019 10:33;Válido;None;None;None;0,34;0,34;0,34;0;0,12;0,12;0,12;0;0;0;0,12;0;0,36;6365,32;22378,84;467846,6;5947,29;21072,58;455419,1;2264,85;7474,81;106331,1;2264,85;7474,81;106331,1;0;0;0
15/03/2019 10:35;212,95;211,92;213,94;212,99;33,92;34,82;26,63;40,31;368,83;368,28;370,94;367,28;0,95;0,98;0,92;0,94;IND;IND;IND;IND;20547,62;7238,31;5257,39;8051,93;6854,19;1436,03;2193,33;2977,25;21660,67;7379,38;5696,56;8584,72;59,98;24,82;A;211,55;213,67;212,68;367,71;370,53;366,79;211,85;214,01;213,05;368,24;371,08;367,29;212,21;214,39;213,46;368,88;371,73;368,03;34,74;26,46;36,63;37,81;27,04;39,51;39,81;28,84;48,41;0,98;0,91;0,93;IND;IND;IND;0,98;0,92;0,94;IND;IND;IND;0,98;0,93;0,94;IND;IND;IND;A;15/03/2019 10:34;B;15/03/2019 10:34;C;15/03/2019 10:34;B;15/03/2019 10:34;B;15/03/2019 10:34;C;15/03/2019 10:34;B;15/03/2019 10:34;A;-;59,96;60;59,98;15/03/2019 10:34;15/03/2019 10:34;Válido;None;None;None;0,35;0,35;0,35;0;0,12;0,12;0,12;0;0;0;0,12;0;0,37;7846,21;22378,84;467846,6;7353,35;21072,58;455419,1;2729,58;7474,81;106331,1;2729,58;7474,81;106331,1;0;0;0
15/03/2019 10:36;213,07;211,99;214,05;213,16;34,1;34,37;27,61;40,32;369,04;368,43;371,23;367,46;0,95;0,98;0,93;0,94;IND;IND;IND;IND;20729,26;7147,56;5495,28;8086,43;6708,31;1408,61;2172,2;2908,66;21787,7;7285,04;5909,02;8593,64;59,96;24,05;A;211,57;213,65;212,78;367,69;370,57;366,78;211,9;213,93;213,07;368,24;371,02;367,33;212,26;214,23;213,39;368,8;371,53;367,95;34,37;26,48;38,89;34,85;27,43;40,04;35;28,8;48,12;0,98;0,92;0,93;IND;IND;IND;0,98;0,93;0,94;IND;IND;IND;0,98;0,93;0,95;IND;IND;IND;A;15/03/2019 10:35;B;15/03/2019 10:35;C;15/03/2019 10:35;B;15/03/2019 10:35;B;15/03/2019 10:35;C;15/03/2019 10:35;B;15/03/2019 10:35;A;-;59,96;60,02;59,99;15/03/2019 10:36;15/03/2019 10:35;Válido;None;None;None;0,35;0,35;0,35;0;0,11;0,11;0,11;0;0;0;0,11;0;0,36;9298,44;22378,84;467846,6;8734,48;21072,58;455419,1;3178,41;7474,81;106331,1;3178,41;7474,81;106331,1;0;0;0
15/03/2019 10:37;212,96;211,91;213,93;213,04;32,96;34,58;23,63;40,68;368,85;368,14;371,07;367,35;0,94;0,98;0,89;0,93;IND;IND;IND;IND;19787,73;7189,89;4513,54;8084,3;7172,92;1410,23;2275,72;3121,48;21047,68;7326,89;5054,8;8666;59,98;28,61;A;211,51;213,54;212,7;367,48;370,51;366,67;211,87;213,92;213,04;368,12;371,04;367,3;212,25;214,28;213,38;368,9;371,62;367,9;34,25;23,14;37,27;34,45;24,02;39,38;34,68;30,04;48,02;0,98;0,89;0,93;IND;IND;IND;0,98;0,9;0,93;IND;IND;IND;0,98;0,93;0,94;IND;IND;IND;A;15/03/2019 10:36;B;15/03/2019 10:36;C;15/03/2019 10:36;B;15/03/2019 10:36;B;15/03/2019 10:36;C;15/03/2019 10:36;B;15/03/2019 10:36;A;-;59,96;60;59,98;15/03/2019 10:36;15/03/2019 10:36;Válido;None;None;None;0,33;0,33;0,33;0;0,12;0,12;0,12;0;0;0;0,12;0;0,35;10686,93;22378,84;467846,6;10041,99;21072,58;455419,1;3645,44;7474,81;106331,1;3645,44;7474,81;106331,1;0;0;0
15/03/2019 10:38;212,73;211,67;213,7;212,81;33,78;35,28;24,94;41,12;368,45;367,75;370,68;366,92;0,94;0,98;0,88;0,94;IND;IND;IND;IND;20224,78;7342,22;4681,8;8200,76;7435,87;1361,33;2545,53;3056,91;21548,41;7467,36;5329,07;8751,98;59,99;28,12;A;211,47;213,59;212,64;367,54;370,49;366,51;211,76;213,85;212,94;367,97;370,89;367,13;212,12;214,16;213,32;368,53;371,47;367,82;34,52;23,3;36,84;35,05;23,85;38,18;40,14;34,38;42,16;0,98;0,88;0,93;IND;IND;IND;0,98;0,89;0,93;IND;IND;IND;0,98;0,91;0,94;IND;IND;IND;A;15/03/2019 10:37;B;15/03/2019 10:37;C;15/03/2019 10:37;B;15/03/2019 10:37;B;15/03/2019 10:37;C;15/03/2019 10:37;B;15/03/2019 10:37;A;-;59,96;60,02;59,99;15/03/2019 10:37;15/03/2019 10:37;Válido;None;None;None;0,32;0,32;0,32;0;0,12;0,12;0,12;0;0;0;0,12;0;0,34;12063,84;22378,84;467846,6;11334,79;21072,58;455419,1;4119,27;7474,81;106331,1;4119,27;7474,81;106331,1;0;0;0
15/03/2019 10:39;212,82;211,73;213,79;212,95;33,95;36,4;26,2;39,25;368,61;367,89;370,84;367,11;0,93;0,98;0,87;0,93;IND;IND;IND;IND;20236,14;7564,35;4889,33;7782,46;7744,82;1476,71;2734,88;3048,36;21667,57;7707,15;5602,24;8358,18;59,98;25,76;A;211,36;213,47;212,53;367,29;370,23;366,38;211,73;213,79;212,91;367,9;370,83;367,06;212,05;214,1;213,26;368,45;371,36;367,66;35,23;24,88;36,89;36,26;25,86;40,85;44,07;32,8;46,78;0,98;0,87;0,93;IND;IND;IND;0,98;0,87;0,94;IND;IND;IND;0,99;0,9;0,94;IND;IND;IND;A;15/03/2019 10:38;B;15/03/2019 10:38;C;15/03/2019 10:38;B;15/03/2019 10:38;B;15/03/2019 10:38;C;15/03/2019 10:38;B;15/03/2019 10:38;A;-;59,94;60,02;59,98;15/03/2019 10:38;15/03/2019 10:38;Válido;None;None;None;0,34;0,34;0,34;0;0,13;0,13;0,13;0;0;0;0,13;0;0,37;13523,95;22378,84;467846,6;12702,41;21072,58;455419,1;4630,6;7474,81;106331,1;4630,6;7474,81;106331,1;0;0;0
15/03/2019 10:40;212,32;211,24;213,33;212,39;33,4;36,62;24,16;39,41;367,75;367,1;369,94;366,21;0,94;0,98;0,88;0,93;IND;IND;IND;IND;19943,63;7590,79;4549,48;7803,37;7366,99;1496,04;2422,18;3026,94;21260,79;7736,81;5154,1;8369,88;59,97;26,66;A;211,23;213,33;212,39;367,1;369,94;366,21;211,64;213,69;212,84;367,72;370,64;366,96;212,05;214,11;213,35;368,39;371,49;367,77;35,83;23,96;38,94;36,98;25,39;39,23;45,73;26,36;39,66;0,98;0,86;0,93;IND;IND;IND;0,98;0,87;0,93;IND;IND;IND;0,98;0,88;0,93;IND;IND;IND;A;15/03/2019 10:39;B;15/03/2019 10:39;C;15/03/2019 10:40;B;15/03/2019 10:39;B;15/03/2019 10:39;A;15/03/2019 10:39;B;15/03/2019 10:39;A;-;59,95;60,02;59,98;15/03/2019 10:39;15/03/2019 10:39;Válido;None;None;None;0,34;0,34;0,34;0;0,13;0,13;0,13;0;0;0;0,13;0;0,36;14964,12;22378,84;467846,6;14048,82;21072,58;455419,1;5141,74;7474,81;106331,1;5141,74;7474,81;106331,1;0;0;0
15/03/2019 10:41;212,67;211,5;213,77;212,75;34,05;38,37;22,69;41,08;368,36;367,66;370,71;366,71;0,95;0,98;0,9;0,95;IND;IND;IND;IND;20585,75;7959,82;4359,88;8266,05;6883,78;1580,89;2125,89;2840,11;21706,21;8115,29;4850,57;8740,35;59,96;27,84;A;211,27;213,35;212,43;367,05;370,01;366,29;211,7;213,84;212,92;367,91;370,87;367,08;212,14;214,22;213,28;368,64;371,48;367,77;25,12;22,58;38,26;37,87;24,06;39,61;42,89;24,53;41,37;0,96;0,88;0,93;IND;IND;IND;0,98;0,88;0,94;IND;IND;IND;0,98;0,9;0,95;IND;IND;IND;A;15/03/2019 10:40;B;15/03/2019 10:40;C;15/03/2019 10:40;B;15/03/2019 10:40;B;15/03/2019 10:40;A;15/03/2019 10:40;B;15/03/2019 10:40;A;-;59,96;60;59,97;15/03/2019 10:40;15/03/2019 10:40;Válido;None;None;None;0,34;0,34;0,34;0;0,12;0,12;0,12;0;0;0;0,12;0;0,36;16403,76;22378,84;467846,6;15402,11;21072,58;455419,1;5632,62;7474,81;106331,1;5632,62;7474,81;106331,1;0;0;0
15/03/2019 10:42;212,66;211,62;213,59;212,76;28,51;25,34;21,38;38,81;368,33;367,75;370,49;366,75;0,93;0,95;0,91;0,93;IND;IND;IND;IND;16956,81;5117,87;4162,23;7676,71;6575,69;1604,03;1880,82;3039,02;18187,17;5363,35;4567,46;8256,36;59,94;24,18;A;211,37;213,59;212,58;367,43;370,49;366,38;211,76;213,99;212,96;368,13;371,04;367,09;212,11;214,36;213,29;368,81;371,66;367,67;25,31;21,21;38,28;35,03;22,37;39,67;41,75;23,09;46,44;0,95;0,89;0,93;IND;IND;IND;0,98;0,9;0,94;IND;IND;IND;0,98;0,91;0,95;IND;IND;IND;A;15/03/2019 10:41;B;15/03/2019 10:41;C;15/03/2019 10:41;B;15/03/2019 10:41;B;15/03/2019 10:41;C;15/03/2019 10:41;B;15/03/2019 10:41;A;-;59,94;60;59,97;15/03/2019 10:41;15/03/2019 10:41;Válido;None;None;None;0,32;0,32;0,32;0;0,12;0,12;0,12;0;0;0;0,12;0;0,34;17780,48;22378,84;467846,6;16698,42;21072,58;455419,1;6095,68;7474,81;106331,1;6095,68;7474,81;106331,1;0;0;0
15/03/2019 10:43;213,42;212,31;214,48;213,48;29,01;25,23;20,84;40,95;369,66;369,14;372;367,82;0,94;0,95;0,91;0,94;IND;IND;IND;IND;17421,07;5112,56;4082,76;8225,75;6426,23;1595,53;1821,17;2960,42;18568,53;5355,75;4470,53;8742,25;59,96;25,95;A;211,68;213,64;212,78;367,89;370,54;366,78;212,15;214,3;213,28;368,86;371,63;367,55;212,41;214,6;213,6;369,37;372,22;368,01;25,19;19,81;38,23;25,35;20,75;39,53;25,51;28,96;42,1;0,95;0,91;0,93;IND;IND;IND;0,95;0,92;0,93;IND;IND;IND;0,95;0,94;0,94;IND;IND;IND;A;15/03/2019 10:42;B;15/03/2019 10:42;C;15/03/2019 10:42;B;15/03/2019 10:42;B;15/03/2019 10:42;C;15/03/2019 10:42;B;15/03/2019 10:42;A;-;59,92;59,98;59,96;15/03/2019 10:42;15/03/2019 10:42;Válido;None;None;None;0,28;0,28;0,28;0;0,11;0,11;0,11;0;0;0;0,11;0;0,3;18997,43;22378,84;467846,6;17837,11;21072,58;455419,1;6524,99;7474,81;106331,1;6524,99;7474,81;106331,1;0;0;0
15/03/2019 10:44;213,25;212,14;214,35;213,26;27,65;25,11;20,59;37,25;369,35;368,95;371,62;367,49;0,94;0,96;0,92;0,93;IND;IND;IND;IND;16554,25;5088,06;4051,54;7414,65;6218,58;1575,73;1748,52;2852,74;17683,71;5326,47;4412,74;7944,5;59,95;23,21;A;211,82;213,92;212,91;368,25;370,98;366,94;212,23;214,39;213,37;369,02;371,79;367,69;212,6;214,73;213,67;369,68;372,28;368,27;25,07;19,81;37,25;25,4;20,53;39,17;31,13;21,89;50,98;0,95;0,91;0,93;IND;IND;IND;0,95;0,91;0,93;IND;IND;IND;0,96;0,92;0,94;IND;IND;IND;A;15/03/2019 10:43;B;15/03/2019 10:43;C;15/03/2019 10:43;B;15/03/2019 10:43;B;15/03/2019 10:43;C;15/03/2019 10:43;B;15/03/2019 10:43;A;-;59,93;60,01;59,97;15/03/2019 10:43;15/03/2019 10:43;Válido;None;None;None;0,28;0,28;0,28;0;0,11;0,11;0,11;0;0;0;0,11;0;0,3;20207,49;22378,84;467846,6;18969,25;21072,58;455419,1;6952,16;7474,81;106331,1;6952,16;7474,81;106331,1;0;0;0
15/03/2019 10:45;212,82;211,74;213,79;212,93;28,63;24,99;21,33;39,58;368,61;368,03;370,87;366,92;0,94;0,96;0,92;0,94;IND;IND;IND;IND;17191,29;5054,5;4181,69;7955,09;6208,68;1565,42;1817,76;2780,5;18278,07;5291,37;4559,69;8427,02;59,98;24,65;A;211,74;213,79;212,93;368,03;370,87;366,92;212,19;214,31;213,34;368,92;371,65;367,66;212,48;214,59;213,56;369,39;372,07;368,08;24,97;19,79;35,96;25,13;20,36;37,39;25,27;25,88;47,5;0,95;0,92;0,93;IND;IND;IND;0,96;0,92;0,94;IND;IND;IND;0,96;0,93;0,95;IND;IND;IND;A;15/03/2019 10:45;B;15/03/2019 10:44;C;15/03/2019 10:45;B;15/03/2019 10:44;B;15/03/2019 10:44;C;15/03/2019 10:44;B;15/03/2019 10:44;A;-;59,95;60,03;59,98;15/03/2019 10:44;15/03/2019 10:44;Válido;None;None;None;0,28;0,28;0,28;0;0,1;0,1;0,1;0;0;0;0,1;0;0,29;4,06;21381,61;467846,6;3,82;20070,98;455419,1;1,38;7357,99;106331,1;1,38;7357,99;106331,1;0;0;0
15/03/2019 10:46;213,2;211,98;214,29;213,33;32,1;37,08;21,38;37,85;369,27;368,49;371,63;367,7;0,95;0,98;0,92;0,93;IND;IND;IND;IND;19441,27;7703,07;4195,33;7542,86;6553,65;1565,53;1838,97;2882,69;20516,17;7860,55;4580,68;8074,94;60;26,8;A;211,58;213,69;212,78;367,82;370,68;366,64;212,04;214,2;213,27;368,59;371,53;367,54;212,26;214,47;213,49;369,08;371,96;368;24,94;19,52;37,54;28,68;20,66;39,2;37,27;30,5;48,16;0,95;0,91;0,93;IND;IND;IND;0,97;0,92;0,94;IND;IND;IND;0,98;0,93;0,95;IND;IND;IND;A;15/03/2019 10:45;B;15/03/2019 10:45;C;15/03/2019 10:45;B;15/03/2019 10:45;B;15/03/2019 10:45;C;15/03/2019 10:45;B;15/03/2019 10:45;A;-;59,96;60,01;59,98;15/03/2019 10:45;15/03/2019 10:45;Válido;None;None;None;0,3;0,3;0,3;0;0,11;0,11;0,11;0;0;0;0,11;0;0,31;1261,8;21381,61;467846,6;1188,48;20070,98;455419,1;423,59;7357,99;106331,1;423,59;7357,99;106331,1;0;0;0
15/03/2019 10:47;213,55;212,39;214,64;213,63;32,78;37,66;20,85;39,83;369,88;369,16;372,18;368,31;0,95;0,98;0,91;0,94;IND;IND;IND;IND;19881,97;7824,86;4083,54;7973,57;6704,73;1654,99;1828,41;2973,28;20982,04;7997,96;4474,19;8509,89;59,95;28,07;A;211,75;214,15;213,19;368,11;371,33;367,48;212,23;214,51;213,52;368,9;371,95;368,1;212,51;214,8;213,77;369,4;372,4;368,57;37,08;19,94;36,33;38,05;20,66;37,82;45,1;21,9;42,22;0,98;0,91;0,92;IND;IND;IND;0,98;0,91;0,93;IND;IND;IND;0,98;0,92;0,94;IND;IND;IND;A;15/03/2019 10:46;B;15/03/2019 10:46;C;15/03/2019 10:46;B;15/03/2019 10:46;B;15/03/2019 10:46;A;15/03/2019 10:46;B;15/03/2019 10:46;A;-;59,95;60;59,97;15/03/2019 10:46;15/03/2019 10:46;Válido;None;None;None;0,33;0,33;0,33;0;0,11;0,11;0,11;0;0;0;0,11;0;0,34;2638,53;21381,61;467846,6;2490,79;20070,98;455419,1;870,04;7357,99;106331,1;870,04;7357,99;106331,1;0;0;0
15/03/2019 10:48;213,53;212,36;214,58;213,65;31,91;37;20,36;38,37;369,84;369,06;372,14;368,33;0,95;0,98;0,91;0,94;IND;IND;IND;IND;19370,06;7705,71;3974,48;7689,87;6474,07;1534,58;1814,05;2839,63;20423,34;7857,03;4368,9;8197,41;60;27,63;A;211,37;213,48;213,07;366,84;371;367,2;212,1;214,38;213,41;368,65;371,77;367,87;212,43;214,67;213,65;369,24;372,22;368,34;36,96;19,94;36,93;37,37;20,66;38,81;37,74;21,68;48,24;0,98;0,91;0,93;IND;IND;IND;0,98;0,91;0,94;IND;IND;IND;0,98;0,92;0,94;IND;IND;IND;A;15/03/2019 10:47;B;15/03/2019 10:47;A;15/03/2019 10:47;B;15/03/2019 10:47;B;15/03/2019 10:47;C;15/03/2019 10:47;B;15/03/2019 10:47;A;-;59,94;60,01;59,98;15/03/2019 10:47;15/03/2019 10:47;Válido;None;None;None;0,33;0,33;0,33;0;0,11;0,11;0,11;0;0;0;0,11;0;0,34;4014,28;21381,61;467846,6;3794,55;20070,98;455419,1;1309,13;7357,99;106331,1;1309,13;7357,99;106331,1;0;0;0
15/03/2019 10:49;212,94;211,67;214,04;213,12;33,97;41,23;22,53;38,13;368,83;367,93;371,26;367,29;0,95;0,98;0,9;0,94;IND;IND;IND;IND;20538,14;8591,24;4321,02;7625,88;6934,16;1533,85;2142,38;2809,84;21677,13;8727,09;4822,97;8127,07;59,96;28,11;A;211,55;213,85;212,89;367,65;370,91;366,94;211,91;214,21;213,27;368,33;371,54;367,6;212,38;214,59;213,67;369,06;372,19;368,35;36,91;19,92;37,96;37,69;20,75;38,37;42,9;28,91;38,89;0,98;0,89;0,94;IND;IND;IND;0,98;0,91;0,94;IND;IND;IND;0,98;0,92;0,94;IND;IND;IND;A;15/03/2019 10:48;B;15/03/2019 10:48;C;15/03/2019 10:48;B;15/03/2019 10:48;B;15/03/2019 10:48;A;15/03/2019 10:48;B;15/03/2019 10:48;A;-;59,96;60,01;59,99;15/03/2019 10:48;15/03/2019 10:48;Válido;None;None;None;0,33;0,33;0,33;0;0,11;0,11;0,11;0;0;0;0,11;0;0,34;5388,51;21381,61;467846,6;5097;20070,98;455419,1;1747,48;7357,99;106331,1;1747,48;7357,99;106331,1;0;0;0
15/03/2019 10:50;213,05;211,89;214,08;213,18;32,2;36,32;22,3;37,99;369,01;368,23;371,33;367,47;0,95;0,98;0,9;0,94;IND;IND;IND;IND;19449,41;7576,38;4276,79;7596,24;6694,36;1355,93;2122,67;2805,93;20569,24;7696,76;4774,58;8097,91;60,01;27;A;211,53;213,76;212,86;367,58;370,8;366,82;211,83;214,08;213,16;368,13;371,34;367,42;212,15;214,35;213,45;368,67;371,79;367,95;35,57;22,27;37,83;39,28;23,17;40,15;41,32;32,12;41,16;0,98;0,88;0,94;IND;IND;IND;0,98;0,89;0,94;IND;IND;IND;0,99;0,91;0,95;IND;IND;IND;A;15/03/2019 10:49;B;15/03/2019 10:49;C;15/03/2019 10:49;B;15/03/2019 10:49;B;15/03/2019 10:49;A;15/03/2019 10:49;B;15/03/2019 10:49;A;-;59,96;60,01;59,99;15/03/2019 10:49;15/03/2019 10:49;Válido;None;None;None;0,34;0,34;0,34;0;0,12;0,12;0,12;0;0;0;0,12;0;0,36;6844,47;21381,61;467846,6;6476,31;20070,98;455419,1;2213,59;7357,99;106331,1;2213,59;7357,99;106331,1;0;0;0
15/03/2019 10:51;212,84;211,75;213,82;212,94;27,5;23,48;21,71;37,3;368,64;368,1;370,92;366,91;0,94;0,97;0,9;0,94;IND;IND;IND;IND;16441,93;4809,66;4196,09;7436,19;6157,94;1263,95;1984,34;2790,89;17557,26;4972,96;4641,63;7942,67;60;24,31;A;211,52;213,5;212,69;367,58;370,43;366,54;211,88;213,95;213,1;368,26;371,18;367,22;212,14;214,28;213,54;368,73;371,92;367,81;23,4;21,46;37,2;25,96;21,79;37,61;36,48;23,03;38,13;0,96;0,89;0,93;IND;IND;IND;0,97;0,9;0,94;IND;IND;IND;0,98;0,91;0,94;IND;IND;IND;A;15/03/2019 10:50;B;15/03/2019 10:50;C;15/03/2019 10:50;B;15/03/2019 10:50;B;15/03/2019 10:50;C;15/03/2019 10:50;B;15/03/2019 10:50;A;-;59,95;60,04;59,99;15/03/2019 10:50;15/03/2019 10:50;Válido;None;None;None;0,28;0,28;0,28;0;0,11;0,11;0,11;0;0;0;0,11;0;0,3;8056,35;21381,61;467846,6;7612,67;20070,98;455419,1;2634,52;7357,99;106331,1;2634,52;7357,99;106331,1;0;0;0
15/03/2019 10:52;212,93;211,81;213,88;213,1;29,11;26,93;21,28;39,11;368,8;368,11;371,13;367,16;0,94;0,97;0,9;0,95;IND;IND;IND;IND;17521,88;5509,31;4095,78;7916,78;6206,78;1480,51;1983,09;2601,71;18588,71;5704,77;4550,61;8333,33;59,99;24,35;A;211,46;213,6;212,82;367,53;370,67;366,62;211,83;213,87;213,09;368,15;371,12;367,14;212,18;214,13;213,39;368,71;371,6;367,68;23,45;20,94;36,19;24,67;21,55;38,66;32,56;29,08;39,88;0,96;0,89;0,94;IND;IND;IND;0,96;0,9;0,95;IND;IND;IND;0,97;0,92;0,95;IND;IND;IND;A;15/03/2019 10:51;B;15/03/2019 10:51;C;15/03/2019 10:51;B;15/03/2019 10:51;B;15/03/2019 10:51;C;15/03/2019 10:51;B;15/03/2019 10:51;A;-;59,95;60,02;59,99;15/03/2019 10:51;15/03/2019 10:51;Válido;None;None;None;0,28;0,28;0,28;0;0,1;0,1;0,1;0;0;0;0,1;0;0,3;9261,27;21381,61;467846,6;8746,26;20070,98;455419,1;3042,86;7357,99;106331,1;3042,86;7357,99;106331,1;0;0;0
15/03/2019 10:53;213,05;211,96;213,98;213,21;27,68;24,91;20,91;37,23;369,01;368,38;371,26;367,39;0,94;0,96;0,9;0,95;IND;IND;IND;IND;16622,35;5073,94;4035,36;7513,05;6058,78;1461,1;1931,43;2563,17;17692,12;5280,12;4473,76;7938,24;60,01;23,1;A;211,41;213,6;212,78;367,55;370,62;366,53;211,79;213,94;213,13;368,16;371,21;367,15;212,12;214,28;213,52;368,73;371,88;367,81;24,39;20,73;36,71;26,03;21,2;37,4;34,1;21,75;46,19;0,96;0,89;0,94;IND;IND;IND;0,96;0,9;0,94;IND;IND;IND;0,97;0,91;0,95;IND;IND;IND;A;15/03/2019 10:52;B;15/03/2019 10:52;C;15/03/2019 10:52;B;15/03/2019 10:52;B;15/03/2019 10:52;C;15/03/2019 10:52;B;15/03/2019 10:52;A;-;59,98;60,03;60;15/03/2019 10:52;15/03/2019 10:52;Válido;None;None;None;0,28;0,28;0,28;0;0,1;0,1;0,1;0;0;0;0,1;0;0,3;10462,6;21381,61;467846,6;9873,27;20070,98;455419,1;3458,77;7357,99;106331,1;3458,77;7357,99;106331,1;0;0;0
15/03/2019 10:54;213,18;212;214,08;213,45;31,69;30,22;27,94;36,92;369,23;368,51;371,46;367,73;0,96;0,97;0,95;0,95;IND;IND;IND;IND;19368,64;6208,73;5686,8;7473,11;5975,42;1583,63;1855,04;2500,06;20269,43;6407,51;5981,72;7880,21;60,01;17,13;A;211,74;213,78;213,03;368,13;370,85;367,03;212,03;214,04;213,33;368,57;371,36;367,54;212,49;214,46;213,77;369,38;372,05;368,31;23,77;19,89;36,72;24,6;26,38;37,38;30,22;27,94;44,4;0,96;0,9;0,94;IND;IND;IND;0,96;0,95;0,95;IND;IND;IND;0,97;0,96;0,95;IND;IND;IND;A;15/03/2019 10:53;B;15/03/2019 10:53;C;15/03/2019 10:53;B;15/03/2019 10:53;B;15/03/2019 10:53;C;15/03/2019 10:53;B;15/03/2019 10:53;A;-;59,96;60,03;59,99;15/03/2019 10:53;15/03/2019 10:53;Válido;None;None;None;0,3;0,3;0,3;0;0,1;0,1;0,1;0;0;0;0,1;0;0,31;11718,31;21381,61;467846,6;11068,5;20070,98;455419,1;3843,49;7357,99;106331,1;3843,49;7357,99;106331,1;0;0;0
15/03/2019 10:55;213,06;211,96;213,89;213,34;29,9;24,22;29,74;35,74;369,04;368,42;371,19;367,5;0,95;0,96;0,94;0,95;IND;IND;IND;IND;18192,58;4941,52;5999,35;7251,71;5885,98;1394,06;2115,42;2357,44;19121,05;5134,4;6361,38;7625,27;59,95;18,42;A;211,74;213,62;213,12;368,07;370,84;367,08;212;213,98;213,35;368,51;371,31;367,54;212,27;214,21;213,56;368,93;371,7;367,97;24,13;27,6;35,65;24,36;28,26;36,93;26,59;39,15;45,2;0,96;0,94;0,94;IND;IND;IND;0,96;0,95;0,95;IND;IND;IND;0,97;0,96;0,95;IND;IND;IND;A;15/03/2019 10:54;B;15/03/2019 10:54;C;15/03/2019 10:54;B;15/03/2019 10:54;A;15/03/2019 10:54;C;15/03/2019 10:54;B;15/03/2019 10:54;A;-;59,95;60,01;59,99;15/03/2019 10:54;15/03/2019 10:54;Válido;None;None;None;0,3;0,3;0,3;0;0,1;0,1;0,1;0;0;0;0,1;0;0,32;12990,99;21381,61;467846,6;12281,14;20070,98;455419,1;4229,73;7357,99;106331,1;4229,73;7357,99;106331,1;0;0;0
15/03/2019 10:56;213,23;212,1;214,05;213,54;29,53;23,77;29,47;35,35;369,33;368,66;371,54;367,78;0,95;0,96;0,94;0,95;IND;IND;IND;IND;17990,65;4861,58;5945,6;7183,48;5786,48;1333,24;2106,99;2321,74;18898,33;5041,08;6307,9;7549,36;59,97;16,48;A;211,8;213,77;213,18;368,21;370,99;367,17;212,08;214,01;213,47;368,61;371,42;367,71;212,34;214,26;213,73;369,04;371,87;368,17;23,7;29,36;34,53;24,15;29,57;35,55;24,4;29,85;43,04;0,96;0,94;0,95;IND;IND;IND;0,96;0,94;0,95;IND;IND;IND;0,96;0,94;0,96;IND;IND;IND;A;15/03/2019 10:55;B;15/03/2019 10:55;C;15/03/2019 10:55;B;15/03/2019 10:55;A;15/03/2019 10:55;C;15/03/2019 10:55;B;15/03/2019 10:55;A;-;59,95;60;59,98;15/03/2019 10:55;15/03/2019 10:55;Válido;None;None;None;0,3;0,3;0,3;0;0,1;0,1;0,1;0;0;0;0,1;0;0,32;14260,28;21381,61;467846,6;13488,92;20070,98;455419,1;4620,06;7357,99;106331,1;4620,06;7357,99;106331,1;0;0;0
15/03/2019 10:57;213,37;212,18;214,21;213,72;30,71;25,02;30,02;37,1;369,57;368,85;371,89;367,95;0,95;0,96;0,94;0,97;IND;IND;IND;IND;18773,38;5087,27;6031,47;7654,65;5866,72;1519,01;2228,89;2069,15;19668,71;5309,21;6430,13;7929,38;59,98;19,13;A;211,77;213,87;213,42;368,17;371,31;367,51;212,13;214,09;213,67;368,69;371,68;367,95;212,31;214,26;213,9;368,97;371,99;368,29;23,71;29,04;33,51;24,13;29,58;34,28;32,7;38,99;42,8;0,95;0,93;0,95;IND;IND;IND;0,96;0,94;0,96;IND;IND;IND;0,97;0,95;0,97;IND;IND;IND;A;15/03/2019 10:56;B;15/03/2019 10:56;C;15/03/2019 10:56;B;15/03/2019 10:56;A;15/03/2019 10:56;C;15/03/2019 10:56;B;15/03/2019 10:56;A;-;59,97;60;59,99;15/03/2019 10:56;15/03/2019 10:56;Válido;None;None;None;0,3;0,3;0,3;0;0,09;0,09;0,09;0;0;0;0,09;0;0,31;15511,95;21381,61;467846,6;14683,95;20070,98;455419,1;4992,31;7357,99;106331,1;4992,31;7357,99;106331,1;0;0;0
15/03/2019 10:58;213,31;212,1;214,13;213,7;30,2;24,8;30,52;35,29;369,45;368,7;371,78;367,89;0,95;0,96;0,93;0,96;IND;IND;IND;IND;18389,47;5038,09;6101,35;7250,03;5974,85;1511,48;2339,33;2075,91;19335,76;5259,94;6534,45;7541,38;60,02;18,29;A;211,72;213,78;213,27;368,11;371,11;367,17;211,99;214,02;213,55;368,52;371,57;367,64;212,31;214,38;213,87;369,09;372,19;368,19;24,8;29,87;35,24;24,97;30,5;36,58;25,21;34,91;38,32;0,96;0,93;0,96;IND;IND;IND;0,96;0,93;0,96;IND;IND;IND;0,96;0,94;0,97;IND;IND;IND;A;15/03/2019 10:57;B;15/03/2019 10:57;C;15/03/2019 10:57;B;15/03/2019 10:57;A;15/03/2019 10:58;C;15/03/2019 10:57;B;15/03/2019 10:57;A;-;59,96;60,02;59,98;15/03/2019 10:57;15/03/2019 10:57;Válido;None;None;None;0,31;0,31;0,31;0;0,1;0,1;0,1;0;0;0;0,1;0;0,33;16820,64;21381,61;467846,6;15930,25;20070,98;455419,1;5391,52;7357,99;106331,1;5391,52;7357,99;106331,1;0;0;0
15/03/2019 10:59;213,54;212,3;214,41;213,91;29,26;24,26;30,13;33,38;369,86;369,13;372,2;368,24;0,95;0,96;0,94;0,95;IND;IND;IND;IND;17790,17;4942,17;6058,4;6789,6;5928,45;1452,91;2245,31;2207,93;18751,98;5151,31;6461,08;7139,59;60;16,92;A;211,9;213,98;213,54;368,4;371,54;367,57;212,2;214,26;213,82;368,9;372,02;368,09;212,55;214,65;214,17;369,54;372,67;368,69;24,24;29,89;32,27;24,75;30,36;35,01;26,64;30,55;35,33;0,96;0,93;0,95;IND;IND;IND;0,96;0,93;0,96;IND;IND;IND;0,97;0,94;0,96;IND;IND;IND;A;15/03/2019 10:58;B;15/03/2019 10:58;C;15/03/2019 10:58;B;15/03/2019 10:58;A;15/03/2019 10:58;C;15/03/2019 10:58;B;15/03/2019 10:58;A;-;59,98;60,03;60;15/03/2019 10:58;15/03/2019 10:58;Válido;None;None;None;0,31;0,31;0,31;0;0,1;0,1;0,1;0;0;0;0,1;0;0,32;18103,35;21381,61;467846,6;17150,67;20070,98;455419,1;5786,37;7357,99;106331,1;5786,37;7357,99;106331,1;0;0;0
15/03/2019 11:00;213,77;212,58;214,62;214,1;28,92;24,26;30,05;32,45;370,26;369,61;372,49;368,67;0,95;0,96;0,94;0,95;IND;IND;IND;IND;17597,24;4944,9;6034,95;6617,4;5883,76;1463,8;2277,78;2115,5;18554,83;5157,01;6450,5;6947,33;60;16,59;A;212,14;214,31;213,77;368,89;372,02;367,98;212,41;214,56;213,98;369,38;372,39;368,38;212,69;214,75;214,19;369,81;372,7;368,83;24,15;29,37;32,44;24,27;29,75;33,41;24,4;36,44;42,84;0,96;0,94;0,94;IND;IND;IND;0,96;0,94;0,95;IND;IND;IND;0,96;0,94;0,95;IND;IND;IND;A;15/03/2019 10:59;B;15/03/2019 10:59;C;15/03/2019 10:59;B;15/03/2019 10:59;A;15/03/2019 10:59;C;15/03/2019 10:59;B;15/03/2019 10:59;A;-;59,97;60,02;60;15/03/2019 10:59;15/03/2019 10:59;Válido;None;None;None;0,3;0,3;0,3;0;0,1;0,1;0,1;0;0;0;0,1;0;0,31;8,25;19340,93;467846,6;7,82;18324,65;455419,1;2,62;6178;106331,1;2,62;6178;106331,1;0;0;0
15/03/2019 11:01;214,02;212,8;214,85;214,4;29,36;23,86;31,29;32,93;370,69;369,95;373;369,1;0,94;0,96;0,93;0,94;IND;IND;IND;IND;17771,28;4875,71;6226,73;6668,85;6313,31;1416,04;2535;2315,03;18859,38;5077,18;6722,97;7059,24;60;15,6;A;212,17;214,23;213,71;368,91;371,83;367,94;212,62;214,63;214,11;369,65;372,51;368,69;213,02;215,01;214,54;370,3;373,22;369,42;23,75;29,94;31,97;23,94;30,82;32,92;24,34;39,84;40,52;0,96;0,93;0,94;IND;IND;IND;0,96;0,93;0,95;IND;IND;IND;0,96;0,94;0,95;IND;IND;IND;A;15/03/2019 11:00;B;15/03/2019 11:00;C;15/03/2019 11:00;B;15/03/2019 11:00;A;15/03/2019 11:00;C;15/03/2019 11:00;B;15/03/2019 11:00;A;-;59,98;60,03;60;15/03/2019 11:00;15/03/2019 11:00;Válido;None;None;None;0,3;0,3;0,3;0;0,1;0,1;0,1;0;0;0;0,1;0;0,31;1258,46;19340,93;467846,6;1189,95;18324,65;455419,1;409,47;6178;106331,1;409,47;6178;106331,1;0;0;0
15/03/2019 11:02;213,98;212,89;214,84;214,22;29,33;23,31;31,85;32,84;370,63;370,15;372,76;368,98;0,94;0,96;0,92;0,94;IND;IND;IND;IND;17707,23;4779,65;6287,63;6639,95;6434,02;1331,04;2700,75;2325,12;18839,92;4961,53;6843,12;7035,27;60,01;18,19;A;212,57;214,64;214,04;369,58;372,49;368,67;212,8;214,81;214,28;369,98;372,83;368,99;213,05;215,08;214,53;370,42;373,29;369,41;22,97;30,26;31,95;23,52;31,08;32,49;23,96;40,89;40,5;0,96;0,92;0,94;IND;IND;IND;0,96;0,93;0,95;IND;IND;IND;0,96;0,93;0,95;IND;IND;IND;A;15/03/2019 11:01;B;15/03/2019 11:01;C;15/03/2019 11:01;B;15/03/2019 11:01;A;15/03/2019 11:01;B;15/03/2019 11:01;B;15/03/2019 11:01;A;-;60;60,04;60,01;15/03/2019 11:01;15/03/2019 11:01;Válido;None;None;None;0,29;0,29;0,29;0;0,1;0,1;0,1;0;0;0;0,1;0;0,31;2501,38;19340,93;467846,6;2361,95;18324,65;455419,1;823,27;6178;106331,1;823,27;6178;106331,1;0;0;0
15/03/2019 11:03;214,07;213,07;214,94;214,19;30,42;22,63;30,91;37,73;370,77;370,38;372,84;369,08;0,94;0,97;0,93;0,94;IND;IND;IND;IND;18393,72;4667,51;6156,64;7569,57;6610,48;1206,63;2494,54;2831,32;19545,52;4820,95;6642,81;8081,75;60,04;21,77;A;212,55;214,39;213,86;369,51;372,05;368,38;212,85;214,67;214,12;369,95;372,5;368,9;213,13;214,94;214,38;370,38;372,93;369,42;22,06;30,87;32,59;22,91;32,17;33,39;27,86;41,7;43,78;0,96;0,91;0,94;IND;IND;IND;0,97;0,92;0,94;IND;IND;IND;0,97;0,93;0,95;IND;IND;IND;A;15/03/2019 11:02;B;15/03/2019 11:03;C;15/03/2019 11:02;B;15/03/2019 11:02;A;15/03/2019 11:02;C;15/03/2019 11:02;B;15/03/2019 11:02;A;-;59,97;60,04;59,99;15/03/2019 11:02;15/03/2019 11:03;Válido;None;None;None;0,3;0,3;0,3;0;0,11;0,11;0,11;0;0;0;0,11;0;0,32;3763,52;19340,93;467846,6;3548,6;18324,65;455419,1;1253,11;6178;106331,1;1253,11;6178;106331,1;0;0;0
15/03/2019 11:04;213,7;212,68;214,51;213,89;28,79;21,76;30,68;33,93;370,13;369,65;372,19;368,55;0,94;0,97;0,93;0,94;IND;IND;IND;IND;17412,02;4485,04;6127,98;6799;6152,73;1144,3;2397,83;2540,11;18467,12;4628,71;6580,41;7258;60,01;19,62;A;212,23;214,1;213,6;368,82;371,59;367,97;212,71;214,54;213,98;369,69;372,29;368,67;213,28;215,05;214,44;370,67;373,09;369,53;21,62;30,68;33,92;22,74;31,48;34,1;25,12;36,19;34,28;0,97;0,92;0,94;IND;IND;IND;0,97;0,92;0,94;IND;IND;IND;0,98;0,93;0,94;IND;IND;IND;A;15/03/2019 11:03;B;15/03/2019 11:03;C;15/03/2019 11:03;B;15/03/2019 11:03;A;15/03/2019 11:03;B;15/03/2019 11:03;B;15/03/2019 11:03;A;-;59,99;60,05;60,01;15/03/2019 11:03;15/03/2019 11:03;Válido;None;None;None;0,3;0,3;0,3;0;0,11;0,11;0,11;0;0;0;0,11;0;0,31;5022,76;19340,93;467846,6;4732,71;18324,65;455419,1;1681,54;6178;106331,1;1681,54;6178;106331,1;0;0;0
15/03/2019 11:05;214,07;213,03;214,84;214,33;28,83;22,85;30,2;33,43;370,78;370,18;372,85;369,32;0,94;0,97;0,93;0,94;IND;IND;IND;IND;17497,1;4721,91;6056,31;6718,88;6074,17;1185,87;2327,61;2487,92;18521,45;4868,55;6488,19;7164,71;60,03;18,43;A;212,12;214,15;213,55;368,72;371,59;367,93;212,73;214,55;214,01;369,67;372,3;368,78;213,14;214,94;214,41;370,36;373,02;369,45;21,65;30,14;33,38;23,78;30,32;33,6;29,19;30,52;34,09;0,97;0,93;0,94;IND;IND;IND;0,97;0,93;0,94;IND;IND;IND;0,98;0,93;0,94;IND;IND;IND;A;15/03/2019 11:04;B;15/03/2019 11:04;C;15/03/2019 11:04;B;15/03/2019 11:04;A;15/03/2019 11:04;C;15/03/2019 11:04;B;15/03/2019 11:04;A;-;59,98;60,03;60,01;15/03/2019 11:04;15/03/2019 11:04;Válido;None;None;None;0,3;0,3;0,3;0;0,1;0,1;0,1;0;0;0;0,1;0;0,31;6273,04;19340,93;467846,6;5914,81;18324,65;455419,1;2088,77;6178;106331,1;2088,77;6178;106331,1;0;0;0
15/03/2019 11:06;214,05;212,99;214,87;214,29;30,4;22,83;29,41;38,96;370,75;370,14;372,97;369,14;0,96;0,97;0,94;0,96;IND;IND;IND;IND;18654,59;4718,22;5936,47;7999,9;5783,47;1175,06;2166,22;2388,52;19530,54;4862,34;6319,35;8348,85;60,01;22,59;A;212,79;214,6;214,14;369,74;372,46;368,98;213,02;214,85;214,33;370,15;372,91;369,26;213,27;215,09;214,55;370,61;373,36;369,61;21,86;29,38;32,87;23,69;30,18;36,61;27,49;30,48;39,52;0,97;0,93;0,94;IND;IND;IND;0,97;0,93;0,95;IND;IND;IND;0,98;0,94;0,96;IND;IND;IND;A;15/03/2019 11:05;B;15/03/2019 11:05;C;15/03/2019 11:05;B;15/03/2019 11:05;A;15/03/2019 11:05;C;15/03/2019 11:05;B;15/03/2019 11:05;A;-;60;60,03;60,02;15/03/2019 11:05;15/03/2019 11:05;Válido;None;None;None;0,31;0,31;0,31;0;0,1;0,1;0,1;0;0;0;0,1;0;0,32;7564,95;19340,93;467846,6;7142,79;18324,65;455419,1;2489,76;6178;106331,1;2489,76;6178;106331,1;0;0;0
15/03/2019 11:07;213,78;212,73;214,6;214,01;31,37;26,37;29,42;38,32;370,28;369,65;372,41;368,78;0,96;0,98;0,95;0,96;IND;IND;IND;IND;19355;5488,25;5975,82;7890,94;5508,76;1156,62;2037,32;2234,9;20123,68;5608,8;6313,56;8201,32;59,99;20,58;A;212,71;214,51;213,96;369,58;372,31;368,65;212,95;214,78;214,19;370,01;372,74;369,09;213,22;215,06;214,45;370,47;373,16;369,6;21,38;29,36;38,17;25,25;29,7;38,68;35,07;36,96;39,59;0,97;0,93;0,96;IND;IND;IND;0,98;0,94;0,96;IND;IND;IND;0,98;0,95;0,96;IND;IND;IND;A;15/03/2019 11:06;B;15/03/2019 11:06;C;15/03/2019 11:06;B;15/03/2019 11:06;A;15/03/2019 11:06;C;15/03/2019 11:06;B;15/03/2019 11:06;A;-;59,97;60,02;60;15/03/2019 11:06;15/03/2019 11:06;Válido;None;None;None;0,32;0,32;0,32;0;0,09;0,09;0,09;0;0;0;0,09;0;0,33;8901,09;19340,93;467846,6;8423,77;18324,65;455419,1;2869,53;6178;106331,1;2869,53;6178;106331,1;0;0;0
15/03/2019 11:08;213,82;212,68;214,7;214,07;29,65;21,71;28,62;38,61;370,34;369,71;372,68;368,62;0,96;0,97;0,95;0,96;IND;IND;IND;IND;18246,88;4466,13;5840,08;7940,66;5390,46;1171,18;1907,33;2294,96;19026,44;4617,14;6143,65;8265,65;59,99;22,2;A;212,53;214,41;213,82;369,35;372,15;368,35;212,74;214,62;214,03;369,72;372,5;368,71;213,05;214,88;214,27;370,25;372,91;369,15;21,11;28,56;38,28;22,42;28,93;38,57;28,72;29,52;38,89;0,97;0,95;0,96;IND;IND;IND;0,97;0,95;0,96;IND;IND;IND;0,98;0,95;0,96;IND;IND;IND;A;15/03/2019 11:07;B;15/03/2019 11:07;C;15/03/2019 11:07;B;15/03/2019 11:07;A;15/03/2019 11:07;C;15/03/2019 11:07;B;15/03/2019 11:07;A;-;59,99;60,04;60,01;15/03/2019 11:07;15/03/2019 11:07;Válido;None;None;None;0,31;0,31;0,31;0;0,09;0,09;0,09;0;0;0;0,09;0;0,32;10183,29;19340,93;467846,6;9653,63;18324,65;455419,1;3232,09;6178;106331,1;3232,09;6178;106331,1;0;0;0
15/03/2019 11:09;213,68;212,67;214,54;213,82;29,49;20,51;28,34;39,63;370,1;369,65;372,26;368,39;0,96;0,96;0,95;0,96;IND;IND;IND;IND;18068,04;4207,39;5765,59;8095,07;5600,03;1153,79;1930,15;2502,91;18915,98;4362,72;6080,09;8473,18;59,99;23,61;A;212,49;214,44;213,8;369,37;372,2;368,3;212,74;214,61;214;369,72;372,48;368,64;212,91;214,78;214,15;370,04;372,75;368,91;20,45;28,33;38,29;21,28;28,71;39,36;24,02;36,89;48,79;0,96;0,94;0,95;IND;IND;IND;0,97;0,95;0,96;IND;IND;IND;0,97;0,95;0,96;IND;IND;IND;A;15/03/2019 11:08;B;15/03/2019 11:08;C;15/03/2019 11:08;B;15/03/2019 11:08;A;15/03/2019 11:08;C;15/03/2019 11:08;B;15/03/2019 11:08;A;-;59,98;60,01;60;15/03/2019 11:08;15/03/2019 11:08;Válido;None;None;None;0,3;0,3;0,3;0;0,09;0,09;0,09;0;0;0;0,09;0;0,32;11457,27;19340,93;467846,6;10873,07;18324,65;455419,1;3600,78;6178;106331,1;3600,78;6178;106331,1;0;0;0
15/03/2019 11:10;213,84;212,83;214,73;213,95;28,45;20,7;28,28;36,37;370,37;369,96;372,45;368,72;0,94;0,97;0,95;0,92;IND;IND;IND;IND;17206,02;4253,12;5760,59;7192,31;6115,71;1151,11;1924,21;2968,89;18260,58;4406,14;6073,47;7780,98;59,98;20,49;A;212,23;214,32;213,57;369,03;371,96;367,72;212,73;214,63;213,84;369,78;372,35;368,45;213,03;214,88;214,06;370,25;372,68;368,93;20,03;28,08;36,01;20,43;28,2;40,18;24,3;28,41;49,07;0,96;0,95;0,92;IND;IND;IND;0,96;0,95;0,95;IND;IND;IND;0,97;0,95;0,96;IND;IND;IND;A;15/03/2019 11:09;B;15/03/2019 11:09;C;15/03/2019 11:09;B;15/03/2019 11:09;A;15/03/2019 11:09;C;15/03/2019 11:09;C;15/03/2019 11:09;A;-;59,96;60,03;60;15/03/2019 11:09;15/03/2019 11:09;Válido;None;None;None;0,3;0,3;0,3;0;0,1;0,1;0,1;0;0;0;0,1;0;0,32;12723,26;19340,93;467846,6;12077,01;18324,65;455419,1;3991,94;6178;106331,1;3991,94;6178;106331,1;0;0;0
15/03/2019 11:11;213,71;212,72;214,53;213,89;30,62;21,05;29,75;41,07;370,16;369,63;372,34;368,51;0,95;0,96;0,94;0,95;IND;IND;IND;IND;18610,61;4303,21;5983,16;8324,24;6287,51;1236,9;2220,53;2806,62;19644,02;4477,45;6381,93;8784,65;60,01;25,54;A;212,28;214,31;213,63;368,92;371,93;368,06;212,75;214,59;213,94;369,71;372,38;368,63;212,95;214,88;214,15;370,16;372,75;369,02;20,24;28,08;35,1;21,6;29,36;38,68;30,67;35,1;41,6;0,96;0,93;0,92;IND;IND;IND;0,96;0,94;0,94;IND;IND;IND;0,98;0,95;0,95;IND;IND;IND;A;15/03/2019 11:10;B;15/03/2019 11:10;C;15/03/2019 11:10;B;15/03/2019 11:10;A;15/03/2019 11:10;C;15/03/2019 11:10;C;15/03/2019 11:10;A;-;59,97;60,02;59,99;15/03/2019 11:10;15/03/2019 11:10;Válido;None;None;None;0,3;0,3;0,3;0;0,1;0,1;0,1;0;0;0;0,1;0;0,32;14001,28;19340,93;467846,6;13286,49;18324,65;455419,1;4404,59;6178;106331,1;4404,59;6178;106331,1;0;0;0
15/03/2019 11:12;214,07;213,02;214,94;214,26;28,65;22,8;28,11;35,04;370,78;370,24;372,89;369,21;0,94;0,96;0,95;0,93;IND;IND;IND;IND;17368,91;4652,04;5731,52;6985,36;6091,51;1397,35;1910,47;2750,12;18406,13;4857,37;6041,54;7507,23;60,01;19,34;A;212,3;214,24;213,59;368,97;371,86;367,91;212,73;214,63;213,97;369,69;372,49;368,63;213,05;214,99;214,33;370,3;373,03;369,28;20,97;28,09;34,95;23,06;29,42;39,97;26,17;30;41,35;0,95;0,93;0,93;IND;IND;IND;0,96;0,94;0,95;IND;IND;IND;0,97;0,95;0,95;IND;IND;IND;A;15/03/2019 11:11;B;15/03/2019 11:11;C;15/03/2019 11:11;B;15/03/2019 11:11;A;15/03/2019 11:11;C;15/03/2019 11:11;C;15/03/2019 11:11;A;-;59,98;60,03;60;15/03/2019 11:11;15/03/2019 11:11;Válido;None;None;None;0,31;0,31;0,31;0;0,11;0,11;0,11;0;0;0;0,11;0;0,33;15319,36;19340,93;467846,6;14535,74;18324,65;455419,1;4824,86;6178;106331,1;4824,86;6178;106331,1;0;0;0
15/03/2019 11:13;213,26;212,16;214,18;213,45;30,05;22,42;26,93;40,79;369,37;368,78;371,69;367,65;0,95;0,96;0,96;0,95;IND;IND;IND;IND;18343,09;4547,35;5514,43;8281,31;5775,22;1393,6;1693,01;2686,57;19230,76;4756,1;5768,47;8706,19;59,97;23,97;A;211,73;213,8;213,01;368,08;371;366,91;212,49;214,46;213,74;369,32;372,1;368,29;213;214,92;214,27;370,18;372,92;369,21;21,86;26,78;34,72;23,9;27,13;38,2;31,92;28,36;43,11;0,95;0,94;0,93;IND;IND;IND;0,96;0,95;0,94;IND;IND;IND;0,97;0,96;0,95;IND;IND;IND;A;15/03/2019 11:12;B;15/03/2019 11:12;C;15/03/2019 11:12;B;15/03/2019 11:12;A;15/03/2019 11:12;C;15/03/2019 11:12;C;15/03/2019 11:12;A;-;59,96;60,01;59,98;15/03/2019 11:12;15/03/2019 11:12;Válido;None;None;None;0,3;0,3;0,3;0;0,1;0,1;0,1;0;0;0;0,1;0;0,32;16590,09;19340,93;467846,6;15741,9;18324,65;455419,1;5224,5;6178;106331,1;5224,5;6178;106331,1;0;0;0
15/03/2019 11:14;213,28;212,22;214,24;213,38;30,6;22,4;27,58;41,81;369,4;368,95;371,67;367,59;0,95;0,96;0,95;0,95;IND;IND;IND;IND;18600,03;4542,62;5610,83;8446,58;6129,63;1403,35;1852,09;2870,32;19584,01;4754,45;5908,61;8920,95;59,96;25,15;A;212;214,03;213,23;368,54;371,47;367,4;212,32;214,33;213,6;369,04;371,96;367,94;212,59;214,66;213,93;369,55;372,55;368,48;22,23;26,83;40,73;22,52;27,26;41,56;25,31;35,6;50,29;0,96;0,95;0,95;IND;IND;IND;0,96;0,95;0,95;IND;IND;IND;0,96;0,96;0,95;IND;IND;IND;A;15/03/2019 11:13;B;15/03/2019 11:13;C;15/03/2019 11:13;B;15/03/2019 11:13;A;15/03/2019 11:13;C;15/03/2019 11:13;C;15/03/2019 11:13;A;-;59,96;60;59,98;15/03/2019 11:13;15/03/2019 11:13;Válido;None;None;None;0,31;0,31;0,31;0;0,1;0,1;0,1;0;0;0;0,1;0;0,33;17890,09;19340,93;467846,6;16979,31;18324,65;455419,1;5622,98;6178;106331,1;5622,98;6178;106331,1;0;0;0
15/03/2019 11:15;213,32;212,36;214,16;213,44;31,81;22,01;27,54;45,89;369,47;368,93;371,66;367,83;0,95;0,96;0,95;0,95;IND;IND;IND;IND;19359,73;4466,7;5604,78;9288,25;6321,44;1375,82;1837,49;3105,21;20365,65;4673,79;5898,3;9793,56;59,97;29,05;A;211,97;213,85;213,21;368,38;371,17;367,38;212,3;214,21;213,52;368,95;371,68;367,92;212,59;214,52;213,82;369,45;372,21;368,41;21,88;27,36;35,6;22,53;27,72;38,32;25,47;33,44;52,11;0,95;0,95;0,93;IND;IND;IND;0,96;0,95;0,93;IND;IND;IND;0,96;0,95;0,96;IND;IND;IND;A;15/03/2019 11:14;B;15/03/2019 11:14;C;15/03/2019 11:14;B;15/03/2019 11:14;A;15/03/2019 11:14;C;15/03/2019 11:14;C;15/03/2019 11:14;A;-;59,95;60;59,97;15/03/2019 11:14;15/03/2019 11:14;Válido;None;None;None;0,3;0,3;0,3;0;0,1;0,1;0,1;0;0;0;0,1;0;0,32;8,89;19141,42;467846,6;8,44;18161,11;455419,1;2,78;6034,13;106331,1;2,78;6034,13;106331,1;0;0;0
15/03/2019 11:16;213,08;212,09;214,04;213,11;32,72;22,9;28,21;47,04;369,06;368,66;371,3;367,22;0,95;0,96;0,95;0,94;IND;IND;IND;IND;19807,51;4642,59;5716,71;9448,21;6729,76;1428,93;1941,76;3350,03;20919,54;4857,51;6037,49;10024,54;59,98;29;A;211,9;213,8;212,88;368,28;370,8;366,95;212,26;214,15;213,32;368,85;371,53;367,64;212,63;214,52;213,68;369,49;372,19;368,25;21,74;26,69;42,48;23,79;27,63;45,96;34,42;37,59;58,03;0,95;0,94;0,94;IND;IND;IND;0,96;0,95;0,94;IND;IND;IND;0,96;0,96;0,95;IND;IND;IND;A;15/03/2019 11:15;B;15/03/2019 11:15;C;15/03/2019 11:15;B;15/03/2019 11:15;A;15/03/2019 11:15;C;15/03/2019 11:15;C;15/03/2019 11:15;A;-;59,96;59,98;59,97;15/03/2019 11:15;15/03/2019 11:15;Válido;None;None;None;0,33;0,33;0,33;0;0,11;0,11;0,11;0;0;0;0,11;0;0,35;1393,66;19141,42;467846,6;1322,28;18161,11;455419,1;440,23;6034,13;106331,1;440,23;6034,13;106331,1;0;0;0
15/03/2019 11:17;212,87;211,87;213,78;212,96;33,03;25,3;28,67;45,13;368,71;368,2;370,89;367,02;0,95;0,96;0,94;0,94;IND;IND;IND;IND;19948,32;5161,5;5769,35;9017,47;6876,32;1445,53;2068,1;3326,02;21100,22;5360,1;6128,82;9611,3;59,95;26,65;A;211,76;213,71;212,85;368,08;370,69;366,8;212,08;213,96;213,19;368,57;371,18;367,43;212,41;214,23;213,43;369,1;371,65;367,92;22,86;28,17;39,04;23,34;28,58;41,65;28,71;35,06;48,39;0,95;0,94;0,92;IND;IND;IND;0,96;0,94;0,92;IND;IND;IND;0,96;0,95;0,94;IND;IND;IND;A;15/03/2019 11:16;B;15/03/2019 11:16;C;15/03/2019 11:16;B;15/03/2019 11:16;A;15/03/2019 11:16;C;15/03/2019 11:16;C;15/03/2019 11:16;A;-;59,95;59,99;59,97;15/03/2019 11:16;15/03/2019 11:16;Válido;None;None;None;0,31;0,31;0,31;0;0,11;0,11;0,11;0;0;0;0,11;0;0,33;2723,3;19141,42;467846,6;2569,84;18161,11;455419,1;899,99;6034,13;106331,1;899,99;6034,13;106331,1;0;0;0
15/03/2019 11:18;213,07;212,01;214;213,2;34,12;25,75;30,76;45,83;369,05;368,5;371,34;367,29;0,94;0,96;0,93;0,93;IND;IND;IND;IND;20515,04;5249,32;6129,39;9136,34;7419,21;1502,5;2403,42;3465,57;21815,4;5460,12;6583,75;9771,53;59,97;26,78;A;211,41;213,22;212,46;367,28;369,98;366,2;212,06;213,91;213,12;368,49;371,15;367,29;212,41;214,24;213,55;369,01;371,75;367,96;23,02;28,53;44,73;24,44;29,53;46,57;39,08;40,06;55,41;0,95;0,92;0,93;IND;IND;IND;0,96;0,94;0,94;IND;IND;IND;0,97;0,94;0,94;IND;IND;IND;A;15/03/2019 11:17;B;15/03/2019 11:17;C;15/03/2019 11:17;B;15/03/2019 11:17;A;15/03/2019 11:17;C;15/03/2019 11:17;B;15/03/2019 11:17;A;-;59,95;60;59,97;15/03/2019 11:17;15/03/2019 11:17;Válido;None;None;None;0,34;0,34;0,34;0;0,12;0,12;0,12;0;0;0;0,12;0;0,36;4151,65;19141,42;467846,6;3917,96;18161,11;455419,1;1371,86;6034,13;106331,1;1371,86;6034,13;106331,1;0;0;0
15/03/2019 11:19;213,28;212,29;214,1;213,43;34,6;25,71;31,12;46,96;369,4;368,82;371,59;367,79;0,94;0,96;0,93;0,94;IND;IND;IND;IND;20834,09;5238,74;6165,39;9429,95;7504;1533,77;2526,86;3395,12;22144,28;5458,65;6663,11;10022,51;60;28,01;A;211,94;213,87;213,04;368,34;371,11;367,15;212,29;214,15;213,43;368,9;371,54;367,84;212,62;214,38;213,71;369,4;371,9;368,41;23,54;30,43;39,04;25,04;30,95;41,95;32,25;37,96;49;0,95;0,92;0,91;IND;IND;IND;0,96;0,93;0,92;IND;IND;IND;0,97;0,93;0,94;IND;IND;IND;A;15/03/2019 11:18;B;15/03/2019 11:18;C;15/03/2019 11:18;B;15/03/2019 11:18;A;15/03/2019 11:18;C;15/03/2019 11:18;C;15/03/2019 11:18;A;-;59,96;60;59,98;15/03/2019 11:18;15/03/2019 11:18;Válido;None;None;None;0,32;0,32;0,32;0;0,13;0,13;0,13;0;0;0;0,13;0;0,35;5544,69;19141,42;467846,6;5216,42;18161,11;455419,1;1876,24;6034,13;106331,1;1876,24;6034,13;106331,1;0;0;0
15/03/2019 11:20;213,63;212,62;214,45;213,82;35,38;25,81;32,25;48,07;370,01;369,38;372,28;368,39;0,94;0,96;0,92;0,94;IND;IND;IND;IND;21290,22;5260,25;6351,05;9678,92;7823,99;1566,49;2736,72;3458,29;22682,33;5488,54;6915,6;10278,19;59,99;28,81;A;211,83;213,76;213,06;368,11;371;367,07;212,33;214,2;213,5;368,96;371,74;367,84;212,87;214,62;213,98;369,79;372,47;368,8;23,78;30,99;44,7;26,04;32,08;46,45;31,55;42;51,9;0,95;0,91;0,93;IND;IND;IND;0,96;0,92;0,94;IND;IND;IND;0,97;0,94;0,94;IND;IND;IND;A;15/03/2019 11:19;B;15/03/2019 11:19;C;15/03/2019 11:19;B;15/03/2019 11:19;A;15/03/2019 11:19;C;15/03/2019 11:19;B;15/03/2019 11:19;A;-;59,98;60,01;59,99;15/03/2019 11:19;15/03/2019 11:19;Válido;None;None;None;0,35;0,35;0,35;0;0,13;0,13;0,13;0;0;0;0,13;0;0,37;7032,53;19141,42;467846,6;6613,26;18161,11;455419,1;2388,55;6034,13;106331,1;2388,55;6034,13;106331,1;0;0;0
15/03/2019 11:21;213,76;212,77;214,66;213,86;35,1;28,86;30,42;46,02;370,24;369,7;372,39;368,63;0,94;0,97;0,93;0,93;IND;IND;IND;IND;21165,77;5935,8;6056,1;9173,87;7671,71;1572,19;2444,27;3564,36;22513,21;6140,48;6530,75;9841,98;59,97;25,98;A;211,8;213,85;213,1;368,05;370,98;367,33;212,46;214,42;213,71;369,2;372;368,34;212,82;214,71;214,03;369,78;372,55;368,84;25,73;30,42;39,27;30,82;31,37;40,89;39,48;32,36;48,47;0,94;0,91;0,91;IND;IND;IND;0,97;0,92;0,92;IND;IND;IND;0,98;0,93;0,94;IND;IND;IND;A;15/03/2019 11:20;B;15/03/2019 11:20;C;15/03/2019 11:20;B;15/03/2019 11:20;A;15/03/2019 11:20;C;15/03/2019 11:20;C;15/03/2019 11:20;A;-;59,97;60;59,98;15/03/2019 11:20;15/03/2019 11:20;Válido;None;None;None;0,34;0,34;0,34;0;0,13;0,13;0,13;0;0;0;0,13;0;0,37;8500,11;19141,42;467846,6;7983,31;18161,11;455419,1;2914,41;6034,13;106331,1;2914,41;6034,13;106331,1;0;0;0
15/03/2019 11:22;213,87;212,85;214,79;213,97;33,29;28,88;30,52;40,48;370,43;369,92;372,51;368,86;0,93;0,97;0,93;0,91;IND;IND;IND;IND;19904,5;5942,51;6080,64;7881,36;7760,27;1574,82;2448,33;3591,52;21363,78;6147,64;6555,03;8661,11;60,01;21,55;A;212,18;214,16;213,35;368,73;371,54;367,65;212,62;214,54;213,78;369,48;372,18;368,48;212,98;214,93;214,15;370,16;372,81;369,13;28,77;30,51;39,91;29,09;31,15;42,62;31,83;37,65;46,63;0,97;0,92;0,91;IND;IND;IND;0,97;0,92;0,92;IND;IND;IND;0,97;0,94;0,93;IND;IND;IND;A;15/03/2019 11:21;B;15/03/2019 11:21;C;15/03/2019 11:21;B;15/03/2019 11:21;A;15/03/2019 11:21;C;15/03/2019 11:21;C;15/03/2019 11:21;A;-;59,96;60,02;59,99;15/03/2019 11:21;15/03/2019 11:21;Válido;None;None;None;0,34;0,34;0,34;0;0,13;0,13;0,13;0;0;0;0,13;0;0,37;9965,33;19141,42;467846,6;9351,82;18161,11;455419,1;3437,62;6034,13;106331,1;3437,62;6034,13;106331,1;0;0;0
15/03/2019 11:23;213,73;212,73;214,66;213,81;33,3;28,07;29,06;42,78;370,19;369,67;372,27;368,65;0,93;0,96;0,94;0,9;IND;IND;IND;IND;19869,99;5750,38;5894,25;8225,36;7829,98;1609,49;2042,67;4002,63;21357,09;5971,38;6238,17;9147,54;59,99;23,25;A;212,49;214,4;213,6;369,31;371,99;368,17;212,89;214,8;214,08;369,88;372,62;369,05;213,14;215,07;214,31;370,31;373,03;369,48;27,98;28,99;40,4;29,1;29,99;41,65;32,03;34,15;49,54;0,96;0,93;0,9;IND;IND;IND;0,97;0,94;0,91;IND;IND;IND;0,97;0,95;0,92;IND;IND;IND;A;15/03/2019 11:22;B;15/03/2019 11:22;C;15/03/2019 11:22;B;15/03/2019 11:22;A;15/03/2019 11:22;C;15/03/2019 11:22;C;15/03/2019 11:22;A;-;59,98;60,05;60,02;15/03/2019 11:22;15/03/2019 11:22;Válido;None;None;None;0,33;0,33;0,33;0;0,13;0,13;0,13;0;0;0;0,13;0;0,36;11402,14;19141,42;467846,6;10690,92;18161,11;455419,1;3958,4;6034,13;106331,1;3958,4;6034,13;106331,1;0;0;0
15/03/2019 11:24;213,84;212,79;214,72;214;33,43;30,3;29,02;40,96;370,38;369,73;372,44;368,95;0,93;0,96;0,94;0,9;IND;IND;IND;IND;20006,1;6210,35;5884,25;7911,5;7720,58;1732,05;2048,1;3775,71;21444,14;6447,36;6230,5;8766,29;60,02;21,49;A;212,47;214,49;213,72;369,26;372,04;368,39;212,9;214,87;214,07;369,97;372,66;369,06;213,47;215,4;214,59;370,97;373,55;370;27,99;28,94;40,73;29,54;29,06;41,75;33,82;29,26;47,68;0,96;0,94;0,9;IND;IND;IND;0,96;0,94;0,9;IND;IND;IND;0,97;0,95;0,91;IND;IND;IND;A;15/03/2019 11:23;B;15/03/2019 11:23;C;15/03/2019 11:23;B;15/03/2019 11:23;A;15/03/2019 11:23;C;15/03/2019 11:23;C;15/03/2019 11:23;A;-;59,98;60,08;60,03;15/03/2019 11:23;15/03/2019 11:23;Válido;None;None;None;0,33;0,33;0,33;0;0,13;0,13;0,13;0;0;0;0,13;0;0,36;12833,37;19141,42;467846,6;12025,17;18161,11;455419,1;4476,24;6034,13;106331,1;4476,24;6034,13;106331,1;0;0;0
15/03/2019 11:25;214,31;213,27;215,17;214,49;33,04;30,63;28,63;39,85;371,19;370,53;373,22;369,83;0,93;0,96;0,95;0,9;IND;IND;IND;IND;19836,71;6281,93;5832,25;7722,53;7594,59;1788,96;1985,8;3665,01;21240,83;6531,69;6161,05;8548,09;60,03;20,54;A;212,76;214,72;213,99;369,72;372,43;368,85;213,16;215,12;214,39;370,39;373,12;369,61;213,35;215,28;214,57;370,71;373,39;369,95;29,15;28,56;39,63;30,45;28,67;40,17;35,81;29,11;40,97;0,96;0,94;0,9;IND;IND;IND;0,96;0,95;0,9;IND;IND;IND;0,97;0,95;0,9;IND;IND;IND;A;15/03/2019 11:24;B;15/03/2019 11:24;C;15/03/2019 11:24;B;15/03/2019 11:24;B;15/03/2019 11:24;C;15/03/2019 11:24;C;15/03/2019 11:24;A;-;60,02;60,07;60,04;15/03/2019 11:24;15/03/2019 11:24;Válido;None;None;None;0,33;0,33;0,33;0;0,13;0,13;0,13;0;0;0;0,13;0;0,35;14251,4;19141,42;467846,6;13349,29;18161,11;455419,1;4983,67;6034,13;106331,1;4983,67;6034,13;106331,1;0;0;0
15/03/2019 11:26;210,54;209,46;211,43;210,72;33,42;30,88;28,01;41,38;364,66;364;366,75;363,22;0,94;0,96;0,95;0,92;IND;IND;IND;IND;19825,38;6185;5630;8010,38;7249,35;1894,16;1835,87;3442,82;21109,21;6468,54;5921,77;8718,9;60,03;20,98;A;209,38;211,38;210,63;363,88;366,64;363,07;211,33;213,29;212,61;367,21;369,97;366,53;213,29;215,22;214,51;370,6;373,29;369,84;29,8;27,99;38,71;31,65;28,52;39,89;37,35;28,81;42,79;0,96;0,94;0,9;IND;IND;IND;0,96;0,95;0,91;IND;IND;IND;0,97;0,95;0,92;IND;IND;IND;A;15/03/2019 11:25;B;15/03/2019 11:25;C;15/03/2019 11:25;B;15/03/2019 11:25;B;15/03/2019 11:25;C;15/03/2019 11:25;C;15/03/2019 11:25;A;-;60,01;60,04;60,03;15/03/2019 11:25;15/03/2019 11:25;Válido;None;None;None;0,33;0,33;0,33;0;0,12;0,12;0,12;0;0;0;0,12;0;0,35;15668,22;19141,42;467846,6;14676,14;18161,11;455419,1;5480,36;6034,13;106331,1;5480,36;6034,13;106331,1;0;0;0
15/03/2019 11:27;210,2;209,07;211,14;210,39;33,74;34,5;28,11;38,61;364,08;363,39;366,18;362,67;0,94;0,96;0,95;0,92;IND;IND;IND;IND;20018,01;6957,04;5625,61;7435,35;7191,22;1902,17;1891,75;3270,72;21270,5;7212,4;5935,17;8122,94;60,02;20,44;A;209,07;211,03;210,34;363,33;366,03;362,55;209,54;211,53;210,81;364,17;366,89;363,38;209,84;211,81;211,12;364,67;367,39;363,93;30,38;27,82;37,84;30,9;27,99;39,03;34,5;28,2;42,44;0,96;0,95;0,91;IND;IND;IND;0,96;0,95;0,92;IND;IND;IND;0,96;0,95;0,92;IND;IND;IND;A;15/03/2019 11:26;B;15/03/2019 11:26;C;15/03/2019 11:26;B;15/03/2019 11:26;B;15/03/2019 11:26;C;15/03/2019 11:26;C;15/03/2019 11:26;A;-;60;60,04;60,02;15/03/2019 11:26;15/03/2019 11:26;Válido;None;None;None;0,32;0,32;0,32;0;0,12;0,12;0,12;0;0;0;0,12;0;0,34;17043,13;19141,42;467846,6;15967,28;18161,11;455419,1;5952,95;6034,13;106331,1;5952,95;6034,13;106331,1;0;0;0
15/03/2019 11:28;210,86;209,84;211,66;211,06;32,24;29,74;29,34;37,65;365,21;364,54;367,19;363,9;0,94;0,97;0,94;0,91;IND;IND;IND;IND;19183,27;6047,17;5866,87;7269,22;6933,77;1542,11;2035,12;3212,38;20397,91;6240,7;6209,83;7947,39;60,03;19,48;A;209,06;211,05;210,31;363,34;366,03;362,55;209,77;211,66;211,03;364,45;367,14;363,85;210,18;211,92;211,41;364,98;367,68;364,55;29,74;27,11;37,58;31,43;28,2;38,14;34,6;37,26;38,96;0,96;0,93;0,91;IND;IND;IND;0,96;0,95;0,91;IND;IND;IND;0,97;0,96;0,92;IND;IND;IND;A;15/03/2019 11:27;B;15/03/2019 11:27;C;15/03/2019 11:27;B;15/03/2019 11:27;B;15/03/2019 11:27;C;15/03/2019 11:27;C;15/03/2019 11:27;A;-;59,99;60,03;60,02;15/03/2019 11:27;15/03/2019 11:27;Válido;None;None;None;0,32;0,32;0,32;0;0,12;0,12;0,12;0;0;0;0,12;0;0,34;18417,2;19141,42;467846,6;17259,65;18161,11;455419,1;6419,67;6034,13;106331,1;6419,67;6034,13;106331,1;0;0;0
15/03/2019 11:29;211,1;210,17;211,85;211,28;32,46;28,65;30,25;38,47;365,63;365;367,52;364,37;0,94;0,97;0,94;0,91;IND;IND;IND;IND;19263,88;5849,36;6007,81;7406,7;7176,95;1431,54;2227,62;3347,11;20557,37;6021,99;6407,5;8127,88;60,05;20,63;A;209,51;211,35;210,75;363,95;366,63;363,36;209,97;211,72;211,14;364,7;367,29;364,09;210,37;212,08;211,51;365,39;367,92;364,7;28,57;29,17;37,26;29,73;29,78;37,86;34,43;36,99;46,53;0,97;0,93;0,91;IND;IND;IND;0,97;0,94;0,92;IND;IND;IND;0,98;0,95;0,92;IND;IND;IND;A;15/03/2019 11:28;B;15/03/2019 11:28;C;15/03/2019 11:28;B;15/03/2019 11:28;A;15/03/2019 11:28;C;15/03/2019 11:28;C;15/03/2019 11:29;A;-;60,03;60,08;60,05;15/03/2019 11:28;15/03/2019 11:28;Válido;None;None;None;0,32;0,32;0,32;0;0,12;0,12;0,12;0;0;0;0,12;0;0,34;19786,55;19141,42;467846,6;18547,12;18161,11;455419,1;6886,08;6034,13;106331,1;6886,08;6034,13;106331,1;0;0;0
15/03/2019 11:30;211,12;210,21;211,86;211,29;32,27;27,43;30,89;38,48;365,66;365,08;367,52;364,37;0,93;0,97;0,93;0,91;IND;IND;IND;IND;19083,63;5580,12;6101,66;7401,85;7323,24;1448,46;2365,87;3365,84;20440,51;5765,05;6544,28;8131,19;60,03;20,48;A;209,6;211,41;210,74;364,08;366,69;363,43;210,11;211,82;211,21;364,94;367,44;364,25;210,49;212,22;211,54;365,7;368,01;364,86;27,35;30,03;38,07;29,01;30,42;38,31;34,41;40,03;38,6;0,97;0,93;0,91;IND;IND;IND;0,97;0,94;0,91;IND;IND;IND;0,98;0,94;0,91;IND;IND;IND;A;15/03/2019 11:29;B;15/03/2019 11:29;C;15/03/2019 11:29;B;15/03/2019 11:29;A;15/03/2019 11:29;B;15/03/2019 11:29;C;15/03/2019 11:29;A;-;60,01;60,07;60,04;15/03/2019 11:29;15/03/2019 11:29;Válido;None;None;None;0,32;0,32;0,32;0;0,12;0,12;0,12;0;0;0;0,12;0;0,34;9,09;21152,73;467846,6;8,48;19826,37;455419,1;3,26;7365,56;106331,1;3,26;7365,56;106331,1;0;0;0
15/03/2019 11:31;210,94;209,92;211,73;211,16;32,45;29;29,12;39,24;365,35;364,62;367,4;364,04;0,94;0,97;0,94;0,91;IND;IND;IND;IND;19259,35;5897,93;5815,71;7545,72;7135,07;1507,86;2045,51;3423,38;20538,55;6087,63;6164,95;8285,97;60,03;21,58;A;209,72;211,45;210,8;364,3;366,76;363,51;210,03;211,77;211,12;364,82;367,33;364,09;210,36;212,07;211,36;365,42;367,74;364,6;26,87;29,05;38,1;29,08;29,72;38,82;36,68;31,16;46,69;0,97;0,93;0,91;IND;IND;IND;0,97;0,94;0,91;IND;IND;IND;0,98;0,94;0,93;IND;IND;IND;A;15/03/2019 11:30;B;15/03/2019 11:30;C;15/03/2019 11:30;B;15/03/2019 11:30;A;15/03/2019 11:30;C;15/03/2019 11:30;C;15/03/2019 11:30;A;-;60,01;60,04;60,03;15/03/2019 11:30;15/03/2019 11:30;Válido;None;None;None;0,32;0,32;0,32;0;0,12;0,12;0,12;0;0;0;0,12;0;0,34;1382,23;21152,73;467846,6;1296,52;19826,37;455419,1;479,09;7365,56;106331,1;479,09;7365,56;106331,1;0;0;0
15/03/2019 11:32;210,84;209,87;211,58;211,05;31,34;27,01;28,31;38,7;365,18;364,47;367,14;363,93;0,94;0,97;0,95;0,91;IND;IND;IND;IND;18644,62;5493,79;5691,68;7459,15;6738,78;1396,1;1863,24;3327,67;19825,06;5668,41;5988,89;8167,76;59,99;21,3;A;209,71;211,53;210,91;364,32;366,96;363,6;210,04;211,8;211,21;364,82;367,46;364,18;210,42;212,19;211,57;365,51;368,17;364,78;26,94;28,28;38,02;27,95;28,98;38,79;31,8;29,26;39,53;0,97;0,94;0,91;IND;IND;IND;0,97;0,94;0,91;IND;IND;IND;0,97;0,95;0,92;IND;IND;IND;A;15/03/2019 11:31;B;15/03/2019 11:31;C;15/03/2019 11:31;B;15/03/2019 11:31;A;15/03/2019 11:31;C;15/03/2019 11:31;C;15/03/2019 11:31;A;-;59,99;60,05;60,02;15/03/2019 11:32;15/03/2019 11:31;Válido;None;None;None;0,32;0,32;0,32;0;0,12;0,12;0,12;0;0;0;0,12;0;0,34;2728,95;21152,73;467846,6;2560,56;19826,37;455419,1;943,68;7365,56;106331,1;943,68;7365,56;106331,1;0;0;0
15/03/2019 11:33;210,96;209,98;211,79;211,11;31,85;28,11;28,73;38,73;365,39;364,79;367,36;364,01;0,94;0,97;0,95;0,91;IND;IND;IND;IND;19001,13;5734,24;5787,17;7479,73;6743,11;1398,02;1877,58;3301,19;20162,16;5902,2;6084,13;8175,83;60;21,2;A;209,5;211,39;210,68;364,04;366,69;363,2;209,9;211,69;211,04;364,62;367,23;363,88;210,34;212;211,44;365,32;367,77;364,65;26,9;28,31;38,51;27,8;28,79;39,53;29,61;35,17;42,18;0,97;0,95;0,91;IND;IND;IND;0,97;0,95;0,92;IND;IND;IND;0,97;0,95;0,92;IND;IND;IND;A;15/03/2019 11:32;B;15/03/2019 11:32;C;15/03/2019 11:32;B;15/03/2019 11:32;A;15/03/2019 11:32;C;15/03/2019 11:32;C;15/03/2019 11:32;A;-;59,99;60,06;60,02;15/03/2019 11:32;15/03/2019 11:32;Válido;None;None;None;0,32;0,32;0,32;0;0,11;0,11;0,11;0;0;0;0,11;0;0,34;4080,25;21152,73;467846,6;3833,37;19826,37;455419,1;1397,51;7365,56;106331,1;1397,51;7365,56;106331,1;0;0;0
15/03/2019 11:34;211,08;210,17;211,83;211,24;31,3;26,63;29,14;38,13;365,6;365,01;367,49;364,31;0,94;0,97;0,95;0,92;IND;IND;IND;IND;18691,82;5439,02;5856,52;7396,28;6608,09;1322,38;1953,06;3188,94;19825,52;5597,46;6173,6;8054,46;60,05;21,45;A;209,81;211,68;210,96;364,54;367,12;363,76;210,08;211,88;211,18;364,98;367,5;364,15;210,37;212,15;211,42;365,48;367,92;364,56;26,13;28,53;38,02;27,78;28,96;38,91;29,58;33,29;42,08;0,97;0,95;0,91;IND;IND;IND;0,97;0,95;0,91;IND;IND;IND;0,97;0,95;0,92;IND;IND;IND;A;15/03/2019 11:33;B;15/03/2019 11:33;C;15/03/2019 11:33;B;15/03/2019 11:33;A;15/03/2019 11:33;C;15/03/2019 11:33;C;15/03/2019 11:33;A;-;60;60,09;60,04;15/03/2019 11:33;15/03/2019 11:33;Válido;None;None;None;0,32;0,32;0,32;0;0,11;0,11;0,11;0;0;0;0,11;0;0,34;5426,12;21152,73;467846,6;5100,57;19826,37;455419,1;1850,85;7365,56;106331,1;1850,85;7365,56;106331,1;0;0;0
15/03/2019 11:35;211,16;210,21;211,89;211,37;31,07;26,12;29,16;37,94;365,73;365,06;367,67;364,46;0,94;0,97;0,95;0,92;IND;IND;IND;IND;18553,66;5329,74;5869,39;7354,53;6591,48;1320,36;1933,12;3197,01;19689,74;5490,86;6179,54;8019,35;60,01;21,28;A;209,99;211,66;211,11;364,59;367,23;364,09;210,18;211,88;211,35;364,98;367,62;364,49;210,53;212,14;211,62;365,51;368,02;365,08;26,04;29,02;37,87;29,18;29,22;38,08;32,64;29,39;38,35;0,97;0,95;0,92;IND;IND;IND;0,98;0,95;0,92;IND;IND;IND;0,98;0,95;0,92;IND;IND;IND;A;15/03/2019 11:34;B;15/03/2019 11:34;C;15/03/2019 11:34;B;15/03/2019 11:34;A;15/03/2019 11:34;C;15/03/2019 11:34;C;15/03/2019 11:34;A;-;60,01;60,07;60,04;15/03/2019 11:35;15/03/2019 11:34;Válido;None;None;None;0,32;0,32;0,32;0;0,11;0,11;0,11;0;0;0;0,11;0;0,34;6784,27;21152,73;467846,6;6383,16;19826,37;455419,1;2297,54;7365,56;106331,1;2297,54;7365,56;106331,1;0;0;0
15/03/2019 11:36;211,11;210,16;211,86;211,32;31,07;26,5;30,5;36,21;365,66;365,05;367,55;364,36;0,94;0,97;0,95;0,92;IND;IND;IND;IND;18581,37;5404,32;6138,06;7039;6484,68;1344,2;2015,96;2997,86;19680,41;5568,98;6460,64;7650,79;60;18,83;A;210,07;211,71;211,15;364,83;367,24;364,14;210,27;211,91;211,42;365,16;367,68;364,57;210,51;212,15;211,67;365,6;368,1;365;26,08;29,11;36,17;26,51;30,49;36,91;33,34;39,65;38,15;0,97;0,95;0,91;IND;IND;IND;0,97;0,95;0,92;IND;IND;IND;0,98;0,96;0,92;IND;IND;IND;A;15/03/2019 11:35;B;15/03/2019 11:35;C;15/03/2019 11:35;B;15/03/2019 11:35;A;15/03/2019 11:35;B;15/03/2019 11:35;C;15/03/2019 11:35;A;-;60;60,05;60,02;15/03/2019 11:35;15/03/2019 11:35;Válido;None;None;None;0,31;0,31;0,31;0;0,11;0,11;0,11;0;0;0;0,11;0;0,33;8106,88;21152,73;467846,6;7631,24;19826,37;455419,1;2735,24;7365,56;106331,1;2735,24;7365,56;106331,1;0;0;0
15/03/2019 11:37;211,04;210,1;211,92;211,11;28,25;26,68;21,1;36,96;365,54;364,95;367,52;364,14;0,94;0,97;0,93;0,92;IND;IND;IND;IND;16785,85;5441,49;4173,5;7170,86;6161,07;1345,84;1606,74;3077,27;17880,81;5605,46;4472,1;7803,26;60,01;25,27;A;209,81;211,6;210,82;364,42;366,99;363,64;210,12;211,92;211,18;364,96;367,59;364,22;210,37;212,17;211,37;365,34;367,97;364,61;26,22;21,06;35,98;27,06;22,28;37,4;29,47;30,52;44,7;0,97;0,92;0,91;IND;IND;IND;0,97;0,93;0,92;IND;IND;IND;0,97;0,95;0,92;IND;IND;IND;A;15/03/2019 11:36;B;15/03/2019 11:36;C;15/03/2019 11:36;B;15/03/2019 11:36;B;15/03/2019 11:36;C;15/03/2019 11:36;C;15/03/2019 11:36;A;-;60;60,04;60,01;15/03/2019 11:36;15/03/2019 11:36;Válido;None;None;None;0,29;0,29;0,29;0;0,11;0,11;0,11;0;0;0;0,11;0;0,31;9327,13;21152,73;467846,6;8774,76;19826,37;455419,1;3161,06;7365,56;106331,1;3161,06;7365,56;106331,1;0;0;0
15/03/2019 11:38;211,11;210,14;212;211,19;29,29;26,97;21,13;39,76;365,65;365,08;367,73;364,14;0,95;0,97;0,93;0,95;IND;IND;IND;IND;17655,24;5507,04;4172,81;7975,39;5672,9;1339,26;1629,2;2627,71;18544,25;5667,55;4479,58;8397,13;59,99;25,38;A;209,73;211,71;210,87;364,38;367,12;363,67;210,06;211,93;211,07;364,92;367,56;364;210,36;212,19;211,27;365,43;367,93;364,41;26,64;21,06;36,94;28,18;21,13;40,97;38,08;21,48;48,05;0,97;0,92;0,92;IND;IND;IND;0,97;0,93;0,94;IND;IND;IND;0,98;0,93;0,95;IND;IND;IND;A;15/03/2019 11:37;B;15/03/2019 11:37;C;15/03/2019 11:37;B;15/03/2019 11:37;B;15/03/2019 11:37;C;15/03/2019 11:37;C;15/03/2019 11:37;A;-;59,99;60,06;60,03;15/03/2019 11:38;15/03/2019 11:37;Válido;None;None;None;0,3;0,3;0,3;0;0,1;0,1;0,1;0;0;0;0,1;0;0,32;10596,79;21152,73;467846,6;9977,69;19826,37;455419,1;3566,99;7365,56;106331,1;3566,99;7365,56;106331,1;0;0;0
15/03/2019 11:39;210,99;210,08;211,82;211,09;30,83;27,34;22,26;42,88;365,45;364,84;367,5;364,01;0,95;0,97;0,92;0,95;IND;IND;IND;IND;18495,39;5574,95;4315,07;8605,37;6216,6;1385,25;1902,3;2808,06;19512,2;5744,48;4715,78;9051,94;59,99;27,77;A;209,86;211,62;210,85;364,51;367,16;363,59;210,09;211,89;211,13;364,92;367,59;364,06;210,29;212,1;211,33;365,3;367,93;364,4;26,85;21,05;39,23;27,65;21,81;41,45;33,75;31,62;48,59;0,97;0,91;0,95;IND;IND;IND;0,97;0,92;0,95;IND;IND;IND;0,98;0,95;0,96;IND;IND;IND;A;15/03/2019 11:38;B;15/03/2019 11:38;C;15/03/2019 11:38;B;15/03/2019 11:38;B;15/03/2019 11:38;C;15/03/2019 11:38;B;15/03/2019 11:38;A;-;59,98;60,03;60,01;15/03/2019 11:38;15/03/2019 11:38;Válido;None;None;None;0,3;0,3;0,3;0;0,1;0,1;0,1;0;0;0;0,1;0;0,32;11875,62;21152,73;467846,6;11193,05;19826,37;455419,1;3964,8;7365,56;106331,1;3964,8;7365,56;106331,1;0;0;0
15/03/2019 11:40;211,32;210,32;212,18;211,46;32,81;29,47;26,94;42,01;366,01;365,43;368,09;364,52;0,95;0,97;0,93;0,94;IND;IND;IND;IND;19678,18;5990,59;5296,77;8390,83;6731,1;1590,77;2146,65;2919,21;20797,56;6198,2;5715,23;8884,13;60,01;23,23;A;209,93;211,71;210,95;364,64;367,31;363,75;210,18;212,03;211,25;365,11;367,82;364,24;210,33;212,22;211,46;365,43;368,12;364,53;27,2;21,54;39,94;28,48;22,07;41,36;36,04;28,76;47,67;0,96;0,91;0,94;IND;IND;IND;0,97;0,91;0,95;IND;IND;IND;0,97;0,93;0,95;IND;IND;IND;A;15/03/2019 11:39;B;15/03/2019 11:39;C;15/03/2019 11:39;B;15/03/2019 11:39;B;15/03/2019 11:39;C;15/03/2019 11:39;B;15/03/2019 11:39;A;-;59,98;60,02;60;15/03/2019 11:39;15/03/2019 11:39;Válido;None;None;None;0,31;0,31;0,31;0;0,1;0,1;0,1;0;0;0;0,1;0;0,32;13169,17;21152,73;467846,6;12417,55;19826,37;455419,1;4381,76;7365,56;106331,1;4381,76;7365,56;106331,1;0;0;0
15/03/2019 11:41;211,33;210,29;212,25;211,45;31,06;30,11;22,22;40,86;366,03;365,39;368,2;364,51;0,94;0,97;0,91;0,95;IND;IND;IND;IND;18597,63;6112,98;4302,02;8182,63;6459,11;1651,99;1931,07;2772,41;19687,36;6332,26;4715,55;8639,55;60,03;24,85;A;209,93;211,77;210,94;364,71;367,31;363,72;210,21;212,09;211,27;365,2;367,87;364,28;210,51;212,37;211,58;365,69;368,39;364,82;28,27;22,15;40,74;28,97;22,2;41,38;35,9;22,85;42,53;0,96;0,91;0,95;IND;IND;IND;0,97;0,91;0,95;IND;IND;IND;0,97;0,92;0,95;IND;IND;IND;A;15/03/2019 11:40;B;15/03/2019 11:40;C;15/03/2019 11:40;B;15/03/2019 11:40;B;15/03/2019 11:40;C;15/03/2019 11:40;B;15/03/2019 11:40;A;-;59,99;60,03;60,02;15/03/2019 11:40;15/03/2019 11:40;Válido;None;None;None;0,31;0,31;0,31;0;0,11;0,11;0,11;0;0;0;0,11;0;0,33;14471,98;21152,73;467846,6;13648,37;19826,37;455419,1;4808,81;7365,56;106331,1;4808,81;7365,56;106331,1;0;0;0
15/03/2019 11:42;211,52;210,56;212,37;211,62;29,56;28,18;20,44;40,08;366,36;365,73;368,41;364,93;0,95;0,97;0,92;0,95;IND;IND;IND;IND;17783,56;5756,28;3972,58;8054,71;5957,27;1436,57;1748;2657,77;18754,84;5932,83;4340,15;8481,87;60,01;23,02;A;210,1;212,05;211,3;365,02;367,88;364,25;210,42;212,36;211,56;365,61;368,39;364,7;210,77;212,64;211,81;366,19;368,8;365,22;28,14;20,43;39,81;28,85;21,3;40,15;30,19;22,26;49,81;0,96;0,9;0,95;IND;IND;IND;0,97;0,91;0,95;IND;IND;IND;0,97;0,92;0,95;IND;IND;IND;A;15/03/2019 11:41;B;15/03/2019 11:41;C;15/03/2019 11:41;B;15/03/2019 11:41;B;15/03/2019 11:41;C;15/03/2019 11:41;B;15/03/2019 11:41;A;-;59,99;60,04;60,01;15/03/2019 11:41;15/03/2019 11:41;Válido;None;None;None;0,3;0,3;0,3;0;0,1;0,1;0,1;0;0;0;0,1;0;0,32;15744,48;21152,73;467846,6;14850,88;19826,37;455419,1;5225,01;7365,56;106331,1;5225,01;7365,56;106331,1;0;0;0
15/03/2019 11:43;211,41;210,4;212,29;211,55;29,33;28,22;20,61;39,16;366,18;365,52;368,3;364,71;0,95;0,97;0,92;0,95;IND;IND;IND;IND;17681,34;5757,4;4014,55;7909,39;5760,98;1447,7;1740,26;2463,18;18596,2;5936,63;4375,52;8284,06;60,02;24,78;A;210,04;211,87;211,19;364,79;367,63;364,13;210,4;212,25;211,54;365,46;368,26;364,73;210,69;212,58;211,84;365,98;368,79;365,23;28,14;19,7;39,01;28,24;20,37;39,64;28,37;29,78;40,67;0,97;0,91;0,95;IND;IND;IND;0,97;0,92;0,95;IND;IND;IND;0,97;0,93;0,96;IND;IND;IND;A;15/03/2019 11:42;B;15/03/2019 11:42;C;15/03/2019 11:42;B;15/03/2019 11:42;B;15/03/2019 11:42;C;15/03/2019 11:42;B;15/03/2019 11:42;A;-;59,99;60,02;60,01;15/03/2019 11:42;15/03/2019 11:42;Válido;None;None;None;0,3;0,3;0,3;0;0,1;0,1;0,1;0;0;0;0,1;0;0,31;16987,89;21152,73;467846,6;16032,32;19826,37;455419,1;5612,57;7365,56;106331,1;5612,57;7365,56;106331,1;0;0;0
